[
 {
  "type": "bid",
  "price": 687.04416,
  "amount": 4.36435288,
  "time": "22:57:46"
 },
 {
  "type": "ask",
  "price": 687.04416,
  "amount": 4.85445787,
  "time": "22:56:43"
 },
 {
  "type": "ask",
  "price": 687.04416,
  "amount": 7.98111328,
  "time": "22:53:59"
 },
 {
  "type": "ask",
  "price": 687.04416,
  "amount": 9.59894126,
  "time": "22:52:04"
 },
 {
  "type": "ask",
  "price": 687.04416,
  "amount": 6.17327399,
  "time": "22:49:57"
 },
 {
  "type": "ask",
  "price": 685.34101,
  "amount": 0.1181173,
  "time": "22:49:48"
 },
 {
  "type": "bid",
  "price": 689.45606,
  "amount": 0.1087844,
  "time": "22:48:56"
 },
 {
  "type": "ask",
  "price": 685.47783,
  "amount": 0.118993,
  "time": "22:48:50"
 },
 {
  "type": "bid",
  "price": 689.45634,
  "amount": 0.1278909,
  "time": "22:48:43"
 },
 {
  "type": "ask",
  "price": 687.11317,
  "amount": 6.72800406,
  "time": "22:47:00"
 }
][
 {
  "type": "bid",
  "price": 687.04416,
  "amount": 4.36435288,
  "time": "22:57:46"
 },
 {
  "type": "ask",
  "price": 687.04416,
  "amount": 4.85445787,
  "time": "22:56:43"
 },
 {
  "type": "ask",
  "price": 687.04416,
  "amount": 7.98111328,
  "time": "22:53:59"
 },
 {
  "type": "ask",
  "price": 687.04416,
  "amount": 9.59894126,
  "time": "22:52:04"
 },
 {
  "type": "ask",
  "price": 687.04416,
  "amount": 6.17327399,
  "time": "22:49:57"
 },
 {
  "type": "ask",
  "price": 685.34101,
  "amount": 0.1181173,
  "time": "22:49:48"
 },
 {
  "type": "bid",
  "price": 689.45606,
  "amount": 0.1087844,
  "time": "22:48:56"
 },
 {
  "type": "ask",
  "price": 685.47783,
  "amount": 0.118993,
  "time": "22:48:50"
 },
 {
  "type": "bid",
  "price": 689.45634,
  "amount": 0.1278909,
  "time": "22:48:43"
 },
 {
  "type": "ask",
  "price": 687.11317,
  "amount": 6.72800406,
  "time": "22:47:00"
 }
][
 {
  "type": "ask",
  "price": 687.04416,
  "amount": 4.36212274,
  "time": "22:59:30"
 }
][
 {
  "type": "bid",
  "price": 695.30706,
  "amount": 0.60548634,
  "time": "00:47:56"
 },
 {
  "type": "bid",
  "price": 695.30706,
  "amount": 3.97067296,
  "time": "00:47:27"
 },
 {
  "type": "bid",
  "price": 695.30706,
  "amount": 8.07754978,
  "time": "00:45:04"
 },
 {
  "type": "bid",
  "price": 695.30706,
  "amount": 8.91480781,
  "time": "00:44:58"
 },
 {
  "type": "ask",
  "price": 695,
  "amount": 0.14681133,
  "time": "00:43:18"
 },
 {
  "type": "bid",
  "price": 695.30706,
  "amount": 5.44600717,
  "time": "00:42:21"
 },
 {
  "type": "ask",
  "price": 695,
  "amount": 0.00824905,
  "time": "00:41:48"
 },
 {
  "type": "ask",
  "price": 695.03574,
  "amount": 0.02331007,
  "time": "00:41:48"
 },
 {
  "type": "bid",
  "price": 695.32493,
  "amount": 2.91615791,
  "time": "00:41:46"
 },
 {
  "type": "ask",
  "price": 695.03574,
  "amount": 0.03780334,
  "time": "00:41:45"
 }
][
 {
  "type": "bid",
  "price": 695.30414,
  "amount": 0.05139269,
  "time": "00:49:31"
 }
][
 {
  "type": "bid",
  "price": 695.61412,
  "amount": 0.0224097,
  "time": "00:49:32"
 },
 {
  "type": "bid",
  "price": 695.30414,
  "amount": 0.0095985,
  "time": "00:49:32"
 }
][
 {
  "type": "bid",
  "price": 695.30706,
  "amount": 1.08276399,
  "time": "00:49:50"
 }
][
 {
  "type": "bid",
  "price": 695.30706,
  "amount": 6.88495717,
  "time": "00:51:26"
 }
][
 {
  "type": "bid",
  "price": 695.61412,
  "amount": 0.0328153,
  "time": "00:53:07"
 }
][
 {
  "type": "bid",
  "price": 696.44952,
  "amount": 0.0468344,
  "time": "00:54:13"
 }
][
 {
  "type": "ask",
  "price": 696.44952,
  "amount": 0.01654606,
  "time": "00:54:14"
 }
][
 {
  "type": "ask",
  "price": 696.44952,
  "amount": 0.03007535,
  "time": "00:54:19"
 }
][
 {
  "type": "bid",
  "price": 697.52563,
  "amount": 0.1,
  "time": "00:55:13"
 }
][
 {
  "type": "bid",
  "price": 697.52563,
  "amount": 0.1,
  "time": "00:55:31"
 }
][
 {
  "type": "ask",
  "price": 696.98757,
  "amount": 1.61882362,
  "time": "00:56:07"
 }
][
 {
  "type": "bid",
  "price": 697.52563,
  "amount": 0.1,
  "time": "00:56:13"
 }
][
 {
  "type": "ask",
  "price": 696.98757,
  "amount": 0.98124989,
  "time": "00:57:20"
 }
][
 {
  "type": "ask",
  "price": 696.98757,
  "amount": 7.55518437,
  "time": "00:57:30"
 }
][
 {
  "type": "bid",
  "price": 696.98757,
  "amount": 5.92113757,
  "time": "00:57:49"
 }
][
 {
  "type": "bid",
  "price": 697.52563,
  "amount": 0.07469015,
  "time": "00:57:58"
 }
][
 {
  "type": "ask",
  "price": 697.52563,
  "amount": 0.01135771,
  "time": "00:57:59"
 }
][
 {
  "type": "ask",
  "price": 697.52563,
  "amount": 0.08247861,
  "time": "00:58:01"
 }
][
 {
  "type": "bid",
  "price": 697.54473,
  "amount": 2.99514036,
  "time": "00:58:04"
 },
 {
  "type": "ask",
  "price": 697.52563,
  "amount": 0.01242352,
  "time": "00:58:03"
 }
][
 {
  "type": "ask",
  "price": 697.52563,
  "amount": 0.01112669,
  "time": "00:58:08"
 },
 {
  "type": "ask",
  "price": 697.52563,
  "amount": 0.01423846,
  "time": "00:58:07"
 }
][
 {
  "type": "ask",
  "price": 697.52563,
  "amount": 0.18851912,
  "time": "00:58:09"
 }
][
 {
  "type": "ask",
  "price": 697.52563,
  "amount": 0.0144192,
  "time": "00:58:12"
 },
 {
  "type": "ask",
  "price": 697.52563,
  "amount": 0.0142385,
  "time": "00:58:11"
 }
][
 {
  "type": "bid",
  "price": 697.56384,
  "amount": 0.0415424,
  "time": "00:58:40"
 }
][
 {
  "type": "ask",
  "price": 697.52563,
  "amount": 0.00950804,
  "time": "00:59:59"
 }
][
 {
  "type": "ask",
  "price": 695,
  "amount": 0.12802394,
  "time": "01:01:11"
 },
 {
  "type": "ask",
  "price": 696.44952,
  "amount": 0.00654419,
  "time": "01:01:11"
 }
][
 {
  "type": "bid",
  "price": 696.26282,
  "amount": 5.56167193,
  "time": "01:01:57"
 }
][
 {
  "type": "bid",
  "price": 696.26282,
  "amount": 6.26441097,
  "time": "01:02:57"
 }
][
 {
  "type": "bid",
  "price": 696.26282,
  "amount": 3.936646,
  "time": "01:03:56"
 }
][
 {
  "type": "bid",
  "price": 696.26282,
  "amount": 9.35539808,
  "time": "01:04:06"
 }
][
 {
  "type": "bid",
  "price": 696.26282,
  "amount": 4.16558499,
  "time": "01:05:11"
 }
][
 {
  "type": "bid",
  "price": 696.26282,
  "amount": 1.59712864,
  "time": "01:06:37"
 }
][
 {
  "type": "ask",
  "price": 697.52563,
  "amount": 0.01701749,
  "time": "01:07:45"
 },
 {
  "type": "bid",
  "price": 697.52563,
  "amount": 0.43959196,
  "time": "01:07:44"
 }
][
 {
  "type": "ask",
  "price": 697.52563,
  "amount": 0.03017721,
  "time": "01:07:46"
 }
][
 {
  "type": "ask",
  "price": 697.52563,
  "amount": 0.02133248,
  "time": "01:07:48"
 }
][
 {
  "type": "ask",
  "price": 697.52563,
  "amount": 0.02133248,
  "time": "01:07:49"
 }
][
 {
  "type": "ask",
  "price": 697.52563,
  "amount": 0.01104702,
  "time": "01:07:52"
 },
 {
  "type": "ask",
  "price": 697.52563,
  "amount": 0.02133248,
  "time": "01:07:50"
 }
][
 {
  "type": "ask",
  "price": 697.52563,
  "amount": 0.01525606,
  "time": "01:07:53"
 }
][
 {
  "type": "ask",
  "price": 697.52563,
  "amount": 1.00920164,
  "time": "01:07:57"
 }
][
 {
  "type": "bid",
  "price": 696.97936,
  "amount": 7.64384901,
  "time": "01:08:08"
 }
][
 {
  "type": "ask",
  "price": 695,
  "amount": 0.51691568,
  "time": "01:08:14"
 }
][
 {
  "type": "bid",
  "price": 696.67969,
  "amount": 2.5402258,
  "time": "01:08:17"
 }
][
 {
  "type": "ask",
  "price": 694.40066,
  "amount": 0.37666583,
  "time": "01:08:44"
 }
][
 {
  "type": "ask",
  "price": 694,
  "amount": 0.03092511,
  "time": "01:09:15"
 }
][
 {
  "type": "bid",
  "price": 695.60119,
  "amount": 8.46689216,
  "time": "01:09:19"
 }
][
 {
  "type": "ask",
  "price": 693.67676,
  "amount": 0.1734649,
  "time": "01:09:45"
 }
][
 {
  "type": "bid",
  "price": 694.90896,
  "amount": 7.35934044,
  "time": "01:11:45"
 }
][
 {
  "type": "bid",
  "price": 695.00896,
  "amount": 5.30586441,
  "time": "01:14:20"
 }
][
 {
  "type": "bid",
  "price": 695.00896,
  "amount": 5.81491594,
  "time": "01:14:50"
 }
][
 {
  "type": "bid",
  "price": 695.00896,
  "amount": 4.7333034,
  "time": "01:15:54"
 }
][
 {
  "type": "bid",
  "price": 694.90896,
  "amount": 7.78671871,
  "time": "01:21:53"
 }
][
 {
  "type": "bid",
  "price": 694.90896,
  "amount": 3.1415978,
  "time": "01:22:06"
 }
][
 {
  "type": "bid",
  "price": 694.90896,
  "amount": 0.77263981,
  "time": "01:23:00"
 }
][
 {
  "type": "bid",
  "price": 694.90896,
  "amount": 6.56973746,
  "time": "01:23:36"
 }
][
 {
  "type": "bid",
  "price": 694.90896,
  "amount": 7.87129038,
  "time": "01:26:16"
 }
][
 {
  "type": "bid",
  "price": 694.90896,
  "amount": 8.25669966,
  "time": "01:30:49"
 }
][
 {
  "type": "bid",
  "price": 694.94585,
  "amount": 2.93593889,
  "time": "01:31:55"
 }
][
 {
  "type": "bid",
  "price": 694.90896,
  "amount": 2.60620173,
  "time": "01:34:31"
 }
][
 {
  "type": "ask",
  "price": 694.90896,
  "amount": 4.56609592,
  "time": "01:38:49"
 }
][
 {
  "type": "ask",
  "price": 694.90897,
  "amount": 3.20765571,
  "time": "01:39:02"
 }
][
 {
  "type": "bid",
  "price": 697.52563,
  "amount": 0.2740269,
  "time": "01:39:49"
 }
][
 {
  "type": "ask",
  "price": 694.90897,
  "amount": 7.8230018,
  "time": "01:39:54"
 }
][
 {
  "type": "bid",
  "price": 694.90898,
  "amount": 9.07436852,
  "time": "01:40:31"
 }
][
 {
  "type": "bid",
  "price": 697.52563,
  "amount": 0.07578203,
  "time": "01:40:39"
 }
][
 {
  "type": "bid",
  "price": 697.52563,
  "amount": 0.02597626,
  "time": "01:40:49"
 }
][
 {
  "type": "bid",
  "price": 697.70271,
  "amount": 0.03418155,
  "time": "01:41:16"
 }
][
 {
  "type": "bid",
  "price": 696.05169,
  "amount": 0.99931396,
  "time": "01:41:34"
 }
][
 {
  "type": "bid",
  "price": 699.96697,
  "amount": 0.07559624,
  "time": "01:43:18"
 },
 {
  "type": "bid",
  "price": 699.96697,
  "amount": 0.05765378,
  "time": "01:43:17"
 },
 {
  "type": "bid",
  "price": 697.70271,
  "amount": 0.01794245,
  "time": "01:43:17"
 }
][
 {
  "type": "bid",
  "price": 699.96697,
  "amount": 0.02178357,
  "time": "01:43:20"
 }
][
 {
  "type": "bid",
  "price": 696.71452,
  "amount": 4.20296666,
  "time": "01:43:46"
 }
][
 {
  "type": "bid",
  "price": 696.71451,
  "amount": 5.13328528,
  "time": "01:44:06"
 }
][
 {
  "type": "bid",
  "price": 697.18382,
  "amount": 4.59800575,
  "time": "01:44:14"
 },
 {
  "type": "bid",
  "price": 697.18382,
  "amount": 0.21973923,
  "time": "01:44:14"
 },
 {
  "type": "bid",
  "price": 699.02835,
  "amount": 0.0471661,
  "time": "01:44:13"
 }
][
 {
  "type": "bid",
  "price": 699.96697,
  "amount": 0.16984457,
  "time": "01:44:16"
 }
][
 {
  "type": "bid",
  "price": 698.57539,
  "amount": 5.81632674,
  "time": "01:44:24"
 }
][
 {
  "type": "bid",
  "price": 697.44631,
  "amount": 5.81282351,
  "time": "01:46:57"
 }
][
 {
  "type": "bid",
  "price": 697.44631,
  "amount": 6.57155443,
  "time": "01:49:51"
 }
][
 {
  "type": "ask",
  "price": 694.92565,
  "amount": 0.1613121,
  "time": "01:51:13"
 }
][
 {
  "type": "bid",
  "price": 696.74959,
  "amount": 5.21003852,
  "time": "01:52:59"
 }
][
 {
  "type": "bid",
  "price": 696.74959,
  "amount": 4.36376405,
  "time": "01:53:31"
 }
][
 {
  "type": "bid",
  "price": 696.74959,
  "amount": 7.31075102,
  "time": "01:53:57"
 }
][
 {
  "type": "bid",
  "price": 696.74959,
  "amount": 2.12219272,
  "time": "01:54:25"
 }
][
 {
  "type": "bid",
  "price": 696.74959,
  "amount": 1.64218345,
  "time": "01:54:28"
 }
][
 {
  "type": "bid",
  "price": 696.74959,
  "amount": 1.12875172,
  "time": "01:55:02"
 }
][
 {
  "type": "bid",
  "price": 696.74959,
  "amount": 4.49611021,
  "time": "01:57:15"
 }
][
 {
  "type": "ask",
  "price": 694.40066,
  "amount": 0.111898,
  "time": "01:59:09"
 }
][
 {
  "type": "bid",
  "price": 696.74959,
  "amount": 1.372478,
  "time": "01:59:11"
 }
][
 {
  "type": "ask",
  "price": 694.40066,
  "amount": 0.07908173,
  "time": "01:59:57"
 }
][
 {
  "type": "ask",
  "price": 694.40066,
  "amount": 0.07029487,
  "time": "02:00:08"
 }
][
 {
  "type": "ask",
  "price": 694.40066,
  "amount": 0.06370473,
  "time": "02:00:18"
 }
][
 {
  "type": "ask",
  "price": 694.40066,
  "amount": 0.05195785,
  "time": "02:00:27"
 }
][
 {
  "type": "ask",
  "price": 694.09208,
  "amount": 0.05269335,
  "time": "02:00:37"
 }
][
 {
  "type": "ask",
  "price": 694.09208,
  "amount": 0.04610668,
  "time": "02:00:48"
 }
][
 {
  "type": "bid",
  "price": 695.80885,
  "amount": 8.84154963,
  "time": "02:00:59"
 }
][
 {
  "type": "bid",
  "price": 695.80885,
  "amount": 7.16155925,
  "time": "02:02:25"
 },
 {
  "type": "ask",
  "price": 694.09208,
  "amount": 0.02602417,
  "time": "02:02:24"
 }
][
 {
  "type": "bid",
  "price": 694.71534,
  "amount": 4.68917931,
  "time": "02:03:20"
 }
][
 {
  "type": "ask",
  "price": 691.97873,
  "amount": 0.36139133,
  "time": "02:06:08"
 },
 {
  "type": "ask",
  "price": 692.43068,
  "amount": 0.0695466,
  "time": "02:06:08"
 }
][
 {
  "type": "ask",
  "price": 691.97873,
  "amount": 0.0160186,
  "time": "02:08:10"
 }
][
 {
  "type": "bid",
  "price": 693.13961,
  "amount": 5.67582345,
  "time": "02:10:38"
 }
][
 {
  "type": "bid",
  "price": 693.13961,
  "amount": 1.02956083,
  "time": "02:11:58"
 }
][
 {
  "type": "bid",
  "price": 693.13961,
  "amount": 7.94890207,
  "time": "02:12:28"
 }
][
 {
  "type": "bid",
  "price": 693.13961,
  "amount": 6.61547307,
  "time": "02:12:39"
 }
][
 {
  "type": "bid",
  "price": 693.13961,
  "amount": 0.59231011,
  "time": "02:14:32"
 }
][
 {
  "type": "bid",
  "price": 693.13961,
  "amount": 9.06668473,
  "time": "02:15:01"
 }
][
 {
  "type": "bid",
  "price": 693.13961,
  "amount": 9.55860431,
  "time": "02:15:06"
 }
][
 {
  "type": "bid",
  "price": 695.09281,
  "amount": 0.028,
  "time": "02:15:15"
 }
][
 {
  "type": "bid",
  "price": 693.13961,
  "amount": 1.45524487,
  "time": "02:16:24"
 }
][
 {
  "type": "ask",
  "price": 693.13961,
  "amount": 6.84617002,
  "time": "02:21:24"
 }
][
 {
  "type": "ask",
  "price": 693.13961,
  "amount": 8.5599557,
  "time": "02:21:49"
 }
][
 {
  "type": "bid",
  "price": 693.13961,
  "amount": 9.25113882,
  "time": "02:23:16"
 }
][
 {
  "type": "bid",
  "price": 693.13961,
  "amount": 0.86058003,
  "time": "02:23:35"
 }
][
 {
  "type": "bid",
  "price": 693.13961,
  "amount": 5.21938286,
  "time": "02:23:48"
 }
][
 {
  "type": "bid",
  "price": 693.13961,
  "amount": 2.7565436,
  "time": "02:23:53"
 }
][
 {
  "type": "bid",
  "price": 693.13961,
  "amount": 7.67157603,
  "time": "02:32:20"
 }
][
 {
  "type": "ask",
  "price": 693.13961,
  "amount": 7.92806958,
  "time": "02:35:35"
 }
][
 {
  "type": "bid",
  "price": 695.09281,
  "amount": 0.34884619,
  "time": "02:37:30"
 }
][
 {
  "type": "bid",
  "price": 694.28287,
  "amount": 1.42188463,
  "time": "02:41:20"
 }
][
 {
  "type": "ask",
  "price": 694.28287,
  "amount": 4.54589208,
  "time": "02:43:12"
 }
][
 {
  "type": "ask",
  "price": 694.28287,
  "amount": 1.66915203,
  "time": "02:43:31"
 }
][
 {
  "type": "ask",
  "price": 694.28287,
  "amount": 9.64965847,
  "time": "02:44:22"
 }
][
 {
  "type": "ask",
  "price": 694.33345,
  "amount": 9.08608542,
  "time": "02:46:08"
 }
][
 {
  "type": "bid",
  "price": 696.58817,
  "amount": 0.04132382,
  "time": "02:46:30"
 },
 {
  "type": "bid",
  "price": 696.58817,
  "amount": 0.04140156,
  "time": "02:46:30"
 }
][
 {
  "type": "bid",
  "price": 696.58817,
  "amount": 0.0238663,
  "time": "02:46:31"
 },
 {
  "type": "bid",
  "price": 696.58817,
  "amount": 0.04132382,
  "time": "02:46:31"
 }
][
 {
  "type": "bid",
  "price": 697.52563,
  "amount": 0.37683518,
  "time": "02:46:38"
 },
 {
  "type": "ask",
  "price": 694.80219,
  "amount": 3.93700654,
  "time": "02:46:36"
 }
][
 {
  "type": "bid",
  "price": 696.01701,
  "amount": 7.70915664,
  "time": "02:47:41"
 }
][
 {
  "type": "ask",
  "price": 696.01701,
  "amount": 2.52548766,
  "time": "02:51:07"
 }
][
 {
  "type": "bid",
  "price": 696.01701,
  "amount": 8.74616552,
  "time": "02:54:28"
 }
][
 {
  "type": "bid",
  "price": 696.01701,
  "amount": 3.52418171,
  "time": "02:55:34"
 }
][
 {
  "type": "ask",
  "price": 696.01701,
  "amount": 3.53974342,
  "time": "02:57:11"
 }
][
 {
  "type": "ask",
  "price": 696.01701,
  "amount": 0.90483005,
  "time": "03:00:59"
 }
][
 {
  "type": "ask",
  "price": 696.01701,
  "amount": 3.50206454,
  "time": "03:01:13"
 }
][
 {
  "type": "ask",
  "price": 696.01701,
  "amount": 1.06605563,
  "time": "03:01:47"
 }
][
 {
  "type": "ask",
  "price": 696.01701,
  "amount": 0.9641532,
  "time": "03:03:04"
 }
][
 {
  "type": "ask",
  "price": 696.01701,
  "amount": 5.72317355,
  "time": "03:04:01"
 }
][
 {
  "type": "bid",
  "price": 697.63336,
  "amount": 0.099202,
  "time": "03:04:14"
 }
][
 {
  "type": "bid",
  "price": 698.54059,
  "amount": 0.0725114,
  "time": "03:06:31"
 }
][
 {
  "type": "ask",
  "price": 698.54059,
  "amount": 0.0274886,
  "time": "03:06:32"
 }
][
 {
  "type": "bid",
  "price": 698.68067,
  "amount": 5.9685505,
  "time": "03:07:46"
 }
][
 {
  "type": "bid",
  "price": 698.68067,
  "amount": 3.36410456,
  "time": "03:10:32"
 }
][
 {
  "type": "ask",
  "price": 698.68067,
  "amount": 0.37469015,
  "time": "03:16:19"
 }
][
 {
  "type": "ask",
  "price": 698.68067,
  "amount": 0.0195603,
  "time": "03:16:22"
 },
 {
  "type": "ask",
  "price": 698.68067,
  "amount": 0.0994383,
  "time": "03:16:20"
 }
][
 {
  "type": "bid",
  "price": 699.20432,
  "amount": 2.12147889,
  "time": "03:17:13"
 }
][
 {
  "type": "bid",
  "price": 699.20432,
  "amount": 2.61403754,
  "time": "03:18:50"
 }
][
 {
  "type": "bid",
  "price": 699.20432,
  "amount": 6.34965124,
  "time": "03:19:38"
 }
][
 {
  "type": "bid",
  "price": 699.20432,
  "amount": 3.17850355,
  "time": "03:19:55"
 }
][
 {
  "type": "bid",
  "price": 699.20432,
  "amount": 3.19396223,
  "time": "03:20:26"
 }
][
 {
  "type": "bid",
  "price": 699.20432,
  "amount": 5.10607663,
  "time": "03:21:32"
 }
][
 {
  "type": "bid",
  "price": 699.20432,
  "amount": 3.09475457,
  "time": "03:22:38"
 }
][
 {
  "type": "ask",
  "price": 699.20432,
  "amount": 9.49975293,
  "time": "03:24:45"
 }
][
 {
  "type": "bid",
  "price": 699.20432,
  "amount": 7.87860503,
  "time": "03:25:06"
 }
][
 {
  "type": "ask",
  "price": 699.20432,
  "amount": 1.11757637,
  "time": "03:28:00"
 }
][
 {
  "type": "bid",
  "price": 699.20432,
  "amount": 2.20658017,
  "time": "03:31:17"
 }
][
 {
  "type": "bid",
  "price": 699.72797,
  "amount": 0.053951,
  "time": "03:33:14"
 }
][
 {
  "type": "ask",
  "price": 699.72797,
  "amount": 0.02698,
  "time": "03:33:53"
 }
][
 {
  "type": "ask",
  "price": 699.72797,
  "amount": 0.019069,
  "time": "03:33:59"
 }
][
 {
  "type": "bid",
  "price": 699.96697,
  "amount": 0.04989466,
  "time": "03:34:30"
 }
][
 {
  "type": "ask",
  "price": 699.96697,
  "amount": 0.05010534,
  "time": "03:34:31"
 }
][
 {
  "type": "bid",
  "price": 700,
  "amount": 0.013972,
  "time": "03:34:46"
 }
][
 {
  "type": "bid",
  "price": 700.8561,
  "amount": 0.01787472,
  "time": "03:34:50"
 },
 {
  "type": "bid",
  "price": 700.39,
  "amount": 0.043994,
  "time": "03:34:49"
 }
][
 {
  "type": "bid",
  "price": 700.85614,
  "amount": 0.33392083,
  "time": "03:35:57"
 }
][
 {
  "type": "bid",
  "price": 701.18972,
  "amount": 0.08944291,
  "time": "03:36:06"
 }
][
 {
  "type": "bid",
  "price": 701.219,
  "amount": 0.0372466,
  "time": "03:36:11"
 }
][
 {
  "type": "bid",
  "price": 701.219,
  "amount": 0.0127534,
  "time": "03:36:13"
 }
][
 {
  "type": "ask",
  "price": 701.219,
  "amount": 0.1,
  "time": "03:36:16"
 },
 {
  "type": "bid",
  "price": 701.26702,
  "amount": 0.0427818,
  "time": "03:36:15"
 }
][
 {
  "type": "bid",
  "price": 700.54029,
  "amount": 0.0199214,
  "time": "03:36:20"
 },
 {
  "type": "ask",
  "price": 700.54029,
  "amount": 2.94594473,
  "time": "03:36:19"
 },
 {
  "type": "bid",
  "price": 701.455,
  "amount": 0.05,
  "time": "03:36:18"
 }
][
 {
  "type": "bid",
  "price": 702.03908,
  "amount": 0.017911,
  "time": "03:36:31"
 }
][
 {
  "type": "ask",
  "price": 702.03908,
  "amount": 0.082089,
  "time": "03:36:34"
 }
][
 {
  "type": "bid",
  "price": 702.3999,
  "amount": 0.01,
  "time": "03:36:54"
 }
][
 {
  "type": "bid",
  "price": 702.41686,
  "amount": 0.1,
  "time": "03:37:06"
 }
][
 {
  "type": "bid",
  "price": 702.41686,
  "amount": 0.26810937,
  "time": "03:37:09"
 }
][
 {
  "type": "ask",
  "price": 702.4,
  "amount": 0.0360145,
  "time": "03:37:13"
 },
 {
  "type": "ask",
  "price": 702.4,
  "amount": 0.11976,
  "time": "03:37:12"
 },
 {
  "type": "bid",
  "price": 703.09214,
  "amount": 0.0280651,
  "time": "03:37:11"
 }
][
 {
  "type": "ask",
  "price": 702.4,
  "amount": 0.2942255,
  "time": "03:37:14"
 },
 {
  "type": "bid",
  "price": 703.28,
  "amount": 0.1,
  "time": "03:37:14"
 }
][
 {
  "type": "bid",
  "price": 703.28,
  "amount": 0.069273,
  "time": "03:37:21"
 }
][
 {
  "type": "bid",
  "price": 704.42777,
  "amount": 0.0256174,
  "time": "03:37:25"
 }
][
 {
  "type": "ask",
  "price": 704.42777,
  "amount": 0.0676662,
  "time": "03:37:26"
 }
][
 {
  "type": "bid",
  "price": 704.87532,
  "amount": 0.1,
  "time": "03:38:30"
 }
][
 {
  "type": "ask",
  "price": 704.65154,
  "amount": 7.5102871,
  "time": "03:39:01"
 }
][
 {
  "type": "bid",
  "price": 704.87532,
  "amount": 0.1,
  "time": "03:39:07"
 }
][
 {
  "type": "bid",
  "price": 704.87532,
  "amount": 0.17468183,
  "time": "03:39:28"
 }
][
 {
  "type": "bid",
  "price": 705.4,
  "amount": 0.072912,
  "time": "03:39:37"
 }
][
 {
  "type": "bid",
  "price": 706.04759,
  "amount": 0.0263812,
  "time": "03:39:42"
 }
][
 {
  "type": "ask",
  "price": 703.23465,
  "amount": 0.00434559,
  "time": "03:39:46"
 },
 {
  "type": "ask",
  "price": 704.42777,
  "amount": 0.0067164,
  "time": "03:39:46"
 }
][
 {
  "type": "ask",
  "price": 703.23465,
  "amount": 0.01939832,
  "time": "03:39:47"
 }
][
 {
  "type": "ask",
  "price": 703.23465,
  "amount": 0.02342437,
  "time": "03:39:50"
 },
 {
  "type": "ask",
  "price": 703.23465,
  "amount": 0.01555044,
  "time": "03:39:49"
 }
][
 {
  "type": "bid",
  "price": 706.555,
  "amount": 0.07984,
  "time": "03:40:15"
 }
][
 {
  "type": "ask",
  "price": 706.555,
  "amount": 0.08471991,
  "time": "03:40:17"
 }
][
 {
  "type": "ask",
  "price": 706.555,
  "amount": 0.02,
  "time": "03:41:10"
 }
][
 {
  "type": "bid",
  "price": 707,
  "amount": 0.02,
  "time": "03:42:07"
 }
][
 {
  "type": "ask",
  "price": 707,
  "amount": 0.08,
  "time": "03:42:08"
 }
][
 {
  "type": "ask",
  "price": 703.23465,
  "amount": 0.01528444,
  "time": "03:42:17"
 }
][
 {
  "type": "ask",
  "price": 703.23465,
  "amount": 0.11085274,
  "time": "03:42:38"
 }
][
 {
  "type": "ask",
  "price": 703.50378,
  "amount": 0.0183734,
  "time": "03:43:08"
 }
][
 {
  "type": "ask",
  "price": 704.86617,
  "amount": 5.30956411,
  "time": "03:43:30"
 }
][
 {
  "type": "ask",
  "price": 704.86617,
  "amount": 2.82311416,
  "time": "03:43:38"
 }
][
 {
  "type": "bid",
  "price": 707,
  "amount": 0.1,
  "time": "03:44:07"
 }
][
 {
  "type": "ask",
  "price": 702.39,
  "amount": 0.4491,
  "time": "03:45:25"
 }
][
 {
  "type": "bid",
  "price": 707,
  "amount": 0.86391542,
  "time": "03:46:15"
 },
 {
  "type": "bid",
  "price": 707,
  "amount": 0.1,
  "time": "03:46:14"
 }
][
 {
  "type": "bid",
  "price": 707,
  "amount": 0.5922915,
  "time": "03:46:19"
 }
][
 {
  "type": "ask",
  "price": 704.8712,
  "amount": 1.05874504,
  "time": "03:46:22"
 }
][
 {
  "type": "bid",
  "price": 707.34238,
  "amount": 0.27492688,
  "time": "03:46:31"
 },
 {
  "type": "bid",
  "price": 707.34238,
  "amount": 0.1,
  "time": "03:46:31"
 }
][
 {
  "type": "ask",
  "price": 706.1674,
  "amount": 7.72588104,
  "time": "03:47:00"
 }
][
 {
  "type": "bid",
  "price": 708.16137,
  "amount": 0.0210266,
  "time": "03:47:01"
 }
][
 {
  "type": "ask",
  "price": 708.2,
  "amount": 0.099401,
  "time": "03:48:58"
 },
 {
  "type": "ask",
  "price": 708.2,
  "amount": 0.04203295,
  "time": "03:48:57"
 }
][
 {
  "type": "ask",
  "price": 708.2,
  "amount": 0.30856605,
  "time": "03:48:59"
 }
][
 {
  "type": "ask",
  "price": 707.04132,
  "amount": 1.17647141,
  "time": "03:49:49"
 }
][
 {
  "type": "bid",
  "price": 707,
  "amount": 0.23886161,
  "time": "03:52:55"
 }
][
 {
  "type": "bid",
  "price": 707.04132,
  "amount": 4.46524843,
  "time": "03:53:16"
 }
][
 {
  "type": "bid",
  "price": 709.08265,
  "amount": 0.0343273,
  "time": "03:53:31"
 }
][
 {
  "type": "ask",
  "price": 705,
  "amount": 0.6398497,
  "time": "03:53:35"
 },
 {
  "type": "ask",
  "price": 705.06141,
  "amount": 0.1716303,
  "time": "03:53:35"
 },
 {
  "type": "ask",
  "price": 705.1,
  "amount": 0.24432,
  "time": "03:53:35"
 }
][
 {
  "type": "ask",
  "price": 705,
  "amount": 0.09731498,
  "time": "03:54:06"
 }
][
 {
  "type": "bid",
  "price": 707.14729,
  "amount": 3.35728655,
  "time": "03:56:05"
 }
][
 {
  "type": "ask",
  "price": 707.2473,
  "amount": 9.50113242,
  "time": "03:57:24"
 }
][
 {
  "type": "ask",
  "price": 707.3473,
  "amount": 1.64449518,
  "time": "04:00:07"
 }
][
 {
  "type": "ask",
  "price": 707.64729,
  "amount": 1.45024728,
  "time": "04:00:57"
 }
][
 {
  "type": "ask",
  "price": 707.14779,
  "amount": 9.56732775,
  "time": "04:03:00"
 }
][
 {
  "type": "bid",
  "price": 709.29459,
  "amount": 0.0419153,
  "time": "04:03:42"
 }
][
 {
  "type": "ask",
  "price": 707.43939,
  "amount": 1.78363208,
  "time": "04:05:42"
 }
][
 {
  "type": "bid",
  "price": 709.81808,
  "amount": 0.37572073,
  "time": "04:06:14"
 }
][
 {
  "type": "bid",
  "price": 709.9999,
  "amount": 0.5,
  "time": "04:06:17"
 },
 {
  "type": "bid",
  "price": 709.9999,
  "amount": 0.01,
  "time": "04:06:17"
 }
][
 {
  "type": "bid",
  "price": 710,
  "amount": 0.59623297,
  "time": "04:06:38"
 }
][
 {
  "type": "ask",
  "price": 708.3214,
  "amount": 3.70683835,
  "time": "04:06:46"
 }
][
 {
  "type": "bid",
  "price": 710.00477,
  "amount": 0.0333792,
  "time": "04:06:49"
 }
][
 {
  "type": "ask",
  "price": 711.92119,
  "amount": 0.07102,
  "time": "04:08:14"
 },
 {
  "type": "bid",
  "price": 711.92119,
  "amount": 0.02898,
  "time": "04:08:13"
 }
][
 {
  "type": "bid",
  "price": 712,
  "amount": 0.1,
  "time": "04:08:31"
 }
][
 {
  "type": "ask",
  "price": 709.80079,
  "amount": 3.5166489,
  "time": "04:09:02"
 }
][
 {
  "type": "bid",
  "price": 710,
  "amount": 14.12236404,
  "time": "04:10:52"
 },
 {
  "type": "bid",
  "price": 712,
  "amount": 0.32677736,
  "time": "04:10:50"
 },
 {
  "type": "bid",
  "price": 712,
  "amount": 0.389,
  "time": "04:10:50"
 }
][
 {
  "type": "ask",
  "price": 709.80079,
  "amount": 6.00341309,
  "time": "04:10:55"
 }
][
 {
  "type": "bid",
  "price": 712,
  "amount": 0.12232264,
  "time": "04:12:03"
 }
][
 {
  "type": "bid",
  "price": 712.227,
  "amount": 0.01996,
  "time": "04:12:06"
 },
 {
  "type": "ask",
  "price": 712,
  "amount": 0.59558554,
  "time": "04:12:06"
 },
 {
  "type": "ask",
  "price": 712,
  "amount": 0.09630675,
  "time": "04:12:05"
 }
][
 {
  "type": "ask",
  "price": 712,
  "amount": 0.0375604,
  "time": "04:12:08"
 }
][
 {
  "type": "ask",
  "price": 712.227,
  "amount": 0.00059506,
  "time": "04:12:10"
 },
 {
  "type": "ask",
  "price": 712.227,
  "amount": 0.01940494,
  "time": "04:12:09"
 }
][
 {
  "type": "ask",
  "price": 712,
  "amount": 0.01922901,
  "time": "04:12:12"
 },
 {
  "type": "ask",
  "price": 712,
  "amount": 0.38844207,
  "time": "04:12:11"
 }
][
 {
  "type": "ask",
  "price": 712,
  "amount": 1.93027185,
  "time": "04:12:14"
 },
 {
  "type": "ask",
  "price": 712,
  "amount": 0.01922901,
  "time": "04:12:13"
 }
][
 {
  "type": "ask",
  "price": 710.22622,
  "amount": 6.68596442,
  "time": "04:12:48"
 }
][
 {
  "type": "ask",
  "price": 709.81808,
  "amount": 0.015,
  "time": "04:13:04"
 }
][
 {
  "type": "ask",
  "price": 710.22622,
  "amount": 4.19912069,
  "time": "04:15:03"
 }
][
 {
  "type": "ask",
  "price": 710.22622,
  "amount": 7.67350773,
  "time": "04:15:14"
 }
][
 {
  "type": "ask",
  "price": 710.22622,
  "amount": 8.88822654,
  "time": "04:16:18"
 }
][
 {
  "type": "bid",
  "price": 712.30244,
  "amount": 0.37779475,
  "time": "04:17:01"
 }
][
 {
  "type": "ask",
  "price": 711.13478,
  "amount": 9.51812463,
  "time": "04:17:37"
 }
][
 {
  "type": "ask",
  "price": 710.35,
  "amount": 0.2827343,
  "time": "04:18:13"
 }
][
 {
  "type": "bid",
  "price": 711,
  "amount": 0.01365688,
  "time": "04:19:04"
 }
][
 {
  "type": "ask",
  "price": 710.35,
  "amount": 0.01531185,
  "time": "04:19:08"
 }
][
 {
  "type": "ask",
  "price": 711.66978,
  "amount": 6.83544606,
  "time": "04:19:11"
 }
][
 {
  "type": "bid",
  "price": 711.66978,
  "amount": 0.05043127,
  "time": "04:19:12"
 }
][
 {
  "type": "ask",
  "price": 710.35,
  "amount": 0.01567381,
  "time": "04:19:23"
 }
][
 {
  "type": "ask",
  "price": 711.66978,
  "amount": 2.1372603,
  "time": "04:19:43"
 }
][
 {
  "type": "ask",
  "price": 710.35,
  "amount": 0.25928004,
  "time": "04:20:43"
 }
][
 {
  "type": "bid",
  "price": 710.35,
  "amount": 0.04804151,
  "time": "04:20:45"
 }
][
 {
  "type": "ask",
  "price": 711.05041,
  "amount": 7.29363486,
  "time": "04:21:44"
 }
][
 {
  "type": "ask",
  "price": 709.11127,
  "amount": 0.29438711,
  "time": "04:22:20"
 },
 {
  "type": "ask",
  "price": 709.11127,
  "amount": 0.078405,
  "time": "04:22:19"
 }
][
 {
  "type": "bid",
  "price": 708,
  "amount": 2.83212346,
  "time": "04:23:07"
 }
][
 {
  "type": "ask",
  "price": 710.00201,
  "amount": 1.16284225,
  "time": "04:23:13"
 }
][
 {
  "type": "ask",
  "price": 707.70157,
  "amount": 0.07955842,
  "time": "04:23:21"
 }
][
 {
  "type": "ask",
  "price": 707.70157,
  "amount": 0.10832653,
  "time": "04:23:23"
 }
][
 {
  "type": "bid",
  "price": 711,
  "amount": 0.65879658,
  "time": "04:24:02"
 }
][
 {
  "type": "bid",
  "price": 711,
  "amount": 0.63984453,
  "time": "04:24:04"
 }
][
 {
  "type": "bid",
  "price": 711,
  "amount": 0.50135889,
  "time": "04:24:09"
 }
][
 {
  "type": "bid",
  "price": 710.5,
  "amount": 0.1,
  "time": "04:24:29"
 }
][
 {
  "type": "bid",
  "price": 710.5,
  "amount": 0.4,
  "time": "04:24:58"
 }
][
 {
  "type": "bid",
  "price": 711.5,
  "amount": 0.499,
  "time": "04:25:11"
 }
][
 {
  "type": "ask",
  "price": 710.24622,
  "amount": 8.24567294,
  "time": "04:26:13"
 }
][
 {
  "type": "bid",
  "price": 712.30244,
  "amount": 0.37214679,
  "time": "04:26:20"
 }
][
 {
  "type": "ask",
  "price": 710.85113,
  "amount": 9.36636352,
  "time": "04:26:29"
 }
][
 {
  "type": "bid",
  "price": 712.591,
  "amount": 0.5154,
  "time": "04:26:31"
 }
][
 {
  "type": "bid",
  "price": 712.98956,
  "amount": 0.96802849,
  "time": "04:26:56"
 },
 {
  "type": "bid",
  "price": 712.98956,
  "amount": 0.0265794,
  "time": "04:26:56"
 }
][
 {
  "type": "bid",
  "price": 712.98956,
  "amount": 0.1,
  "time": "04:27:14"
 }
][
 {
  "type": "ask",
  "price": 711.15478,
  "amount": 2.37892314,
  "time": "04:27:16"
 }
][
 {
  "type": "bid",
  "price": 712.98956,
  "amount": 0.66821467,
  "time": "04:27:28"
 }
][
 {
  "type": "bid",
  "price": 712.98956,
  "amount": 0.1,
  "time": "04:27:33"
 }
][
 {
  "type": "bid",
  "price": 712.98956,
  "amount": 1.09215259,
  "time": "04:27:58"
 }
][
 {
  "type": "bid",
  "price": 712.98956,
  "amount": 0.1,
  "time": "04:28:14"
 }
][
 {
  "type": "bid",
  "price": 712.98956,
  "amount": 0.96558055,
  "time": "04:28:29"
 }
][
 {
  "type": "bid",
  "price": 712.98956,
  "amount": 0.88759438,
  "time": "04:29:01"
 }
][
 {
  "type": "bid",
  "price": 712.98956,
  "amount": 0.35660095,
  "time": "04:29:06"
 }
][
 {
  "type": "bid",
  "price": 712.98956,
  "amount": 1.11869535,
  "time": "04:29:31"
 }
][
 {
  "type": "bid",
  "price": 712.98956,
  "amount": 4.02233302,
  "time": "04:30:38"
 }
][
 {
  "type": "bid",
  "price": 713,
  "amount": 0.02,
  "time": "04:30:47"
 }
][
 {
  "type": "bid",
  "price": 714.27294,
  "amount": 0.0268809,
  "time": "04:31:12"
 }
][
 {
  "type": "ask",
  "price": 712.4735,
  "amount": 6.47336068,
  "time": "04:32:36"
 }
][
 {
  "type": "ask",
  "price": 712.4735,
  "amount": 2.025575,
  "time": "04:33:19"
 }
][
 {
  "type": "ask",
  "price": 712.4735,
  "amount": 6.12711929,
  "time": "04:33:40"
 }
][
 {
  "type": "ask",
  "price": 712.4735,
  "amount": 9.37708788,
  "time": "04:34:57"
 }
][
 {
  "type": "bid",
  "price": 714.7955,
  "amount": 0.37749433,
  "time": "04:35:56"
 }
][
 {
  "type": "bid",
  "price": 714.961,
  "amount": 0.05,
  "time": "04:35:58"
 }
][
 {
  "type": "bid",
  "price": 714.999,
  "amount": 0.25,
  "time": "04:36:00"
 }
][
 {
  "type": "bid",
  "price": 715,
  "amount": 0.0499,
  "time": "04:36:02"
 }
][
 {
  "type": "bid",
  "price": 715.84409,
  "amount": 0.0183253,
  "time": "04:36:06"
 },
 {
  "type": "bid",
  "price": 715.08,
  "amount": 0.027891,
  "time": "04:36:05"
 }
][
 {
  "type": "bid",
  "price": 716,
  "amount": 0.03869631,
  "time": "04:36:10"
 }
][
 {
  "type": "bid",
  "price": 716.141,
  "amount": 0.05,
  "time": "04:36:12"
 },
 {
  "type": "bid",
  "price": 716.0947,
  "amount": 0.04306442,
  "time": "04:36:11"
 }
][
 {
  "type": "bid",
  "price": 716.629,
  "amount": 0.05,
  "time": "04:36:13"
 }
][
 {
  "type": "bid",
  "price": 716.70378,
  "amount": 0.0114356,
  "time": "04:36:15"
 }
][
 {
  "type": "bid",
  "price": 716.985,
  "amount": 0.05,
  "time": "04:36:34"
 }
][
 {
  "type": "bid",
  "price": 717,
  "amount": 0.1,
  "time": "04:36:35"
 }
][
 {
  "type": "ask",
  "price": 716,
  "amount": 0.9902183,
  "time": "04:37:08"
 }
][
 {
  "type": "ask",
  "price": 716,
  "amount": 0.01910283,
  "time": "04:37:11"
 },
 {
  "type": "ask",
  "price": 716,
  "amount": 0.01910283,
  "time": "04:37:09"
 }
][
 {
  "type": "ask",
  "price": 716,
  "amount": 0.01927792,
  "time": "04:37:12"
 }
][
 {
  "type": "ask",
  "price": 716,
  "amount": 0.01909208,
  "time": "04:37:17"
 }
][
 {
  "type": "ask",
  "price": 716,
  "amount": 0.0245602,
  "time": "04:37:18"
 }
][
 {
  "type": "ask",
  "price": 716,
  "amount": 0.01909208,
  "time": "04:37:21"
 }
][
 {
  "type": "ask",
  "price": 716,
  "amount": 0.01909208,
  "time": "04:37:22"
 }
][
 {
  "type": "ask",
  "price": 716,
  "amount": 0.01926661,
  "time": "04:37:25"
 }
][
 {
  "type": "ask",
  "price": 716,
  "amount": 0.01909208,
  "time": "04:37:26"
 }
][
 {
  "type": "ask",
  "price": 716,
  "amount": 0.19651653,
  "time": "04:37:30"
 }
][
 {
  "type": "ask",
  "price": 716.64864,
  "amount": 9.0368583,
  "time": "04:37:32"
 },
 {
  "type": "ask",
  "price": 716,
  "amount": 0.01289169,
  "time": "04:37:31"
 }
][
 {
  "type": "ask",
  "price": 716,
  "amount": 0.02994,
  "time": "04:37:37"
 }
][
 {
  "type": "ask",
  "price": 716,
  "amount": 0.15553382,
  "time": "04:37:51"
 }
][
 {
  "type": "ask",
  "price": 716,
  "amount": 0.02753218,
  "time": "04:38:57"
 }
][
 {
  "type": "ask",
  "price": 716,
  "amount": 4.90391826,
  "time": "04:39:06"
 }
][
 {
  "type": "ask",
  "price": 716,
  "amount": 0.37060802,
  "time": "04:39:32"
 }
][
 {
  "type": "ask",
  "price": 716,
  "amount": 0.06417055,
  "time": "04:39:54"
 },
 {
  "type": "bid",
  "price": 716.5,
  "amount": 6.05122485,
  "time": "04:39:54"
 }
][
 {
  "type": "ask",
  "price": 716,
  "amount": 0.59881151,
  "time": "04:40:00"
 }
][
 {
  "type": "ask",
  "price": 716,
  "amount": 0.78016471,
  "time": "04:40:32"
 }
][
 {
  "type": "ask",
  "price": 716,
  "amount": 0.01678426,
  "time": "04:40:36"
 }
][
 {
  "type": "ask",
  "price": 716,
  "amount": 0.01165192,
  "time": "04:40:38"
 }
][
 {
  "type": "ask",
  "price": 716,
  "amount": 0.66910516,
  "time": "04:41:03"
 }
][
 {
  "type": "ask",
  "price": 716,
  "amount": 0.0176428,
  "time": "04:41:33"
 },
 {
  "type": "ask",
  "price": 716,
  "amount": 0.05237655,
  "time": "04:41:31"
 }
][
 {
  "type": "ask",
  "price": 716,
  "amount": 0.3030982,
  "time": "04:41:34"
 }
][
 {
  "type": "bid",
  "price": 712.70976,
  "amount": 0.90220605,
  "time": "04:43:54"
 },
 {
  "type": "ask",
  "price": 712.70976,
  "amount": 0.180193,
  "time": "04:43:53"
 }
][
 {
  "type": "ask",
  "price": 713.79658,
  "amount": 5.8366417,
  "time": "04:44:30"
 }
][
 {
  "type": "ask",
  "price": 713.79658,
  "amount": 6.36819381,
  "time": "04:44:45"
 }
][
 {
  "type": "ask",
  "price": 714.07,
  "amount": 3.45708773,
  "time": "04:46:03"
 }
][
 {
  "type": "ask",
  "price": 712.14,
  "amount": 0.166714,
  "time": "04:46:35"
 }
][
 {
  "type": "bid",
  "price": 713,
  "amount": 0.1,
  "time": "04:47:23"
 }
][
 {
  "type": "bid",
  "price": 713,
  "amount": 0.16756855,
  "time": "04:47:24"
 }
][
 {
  "type": "bid",
  "price": 714.04658,
  "amount": 1.53742729,
  "time": "04:48:19"
 }
][
 {
  "type": "ask",
  "price": 711.59315,
  "amount": 0.3708521,
  "time": "04:49:41"
 }
][
 {
  "type": "ask",
  "price": 711.59315,
  "amount": 0.0007993,
  "time": "04:49:42"
 }
][
 {
  "type": "ask",
  "price": 711.28744,
  "amount": 0.1842989,
  "time": "04:50:14"
 }
][
 {
  "type": "ask",
  "price": 712.47328,
  "amount": 4.55710897,
  "time": "04:50:51"
 }
][
 {
  "type": "ask",
  "price": 710.15105,
  "amount": 0.1555549,
  "time": "04:52:10"
 }
][
 {
  "type": "bid",
  "price": 714.20189,
  "amount": 0.0620429,
  "time": "04:52:25"
 }
][
 {
  "type": "ask",
  "price": 714.20189,
  "amount": 0.0379571,
  "time": "04:52:40"
 }
][
 {
  "type": "ask",
  "price": 712.50887,
  "amount": 4.39402591,
  "time": "04:53:05"
 }
][
 {
  "type": "ask",
  "price": 712.50887,
  "amount": 3.02153882,
  "time": "04:53:13"
 }
][
 {
  "type": "ask",
  "price": 712.50887,
  "amount": 6.11974915,
  "time": "04:53:55"
 }
][
 {
  "type": "ask",
  "price": 712.50887,
  "amount": 2.00700293,
  "time": "04:54:35"
 }
][
 {
  "type": "bid",
  "price": 710.22224,
  "amount": 0.37037714,
  "time": "04:57:25"
 },
 {
  "type": "ask",
  "price": 710.22224,
  "amount": 0.1453037,
  "time": "04:57:24"
 }
][
 {
  "type": "ask",
  "price": 710.22224,
  "amount": 0.04133129,
  "time": "04:57:35"
 }
][
 {
  "type": "ask",
  "price": 711.7634,
  "amount": 4.05284447,
  "time": "05:00:29"
 }
][
 {
  "type": "ask",
  "price": 711.7634,
  "amount": 6.02671186,
  "time": "05:03:42"
 }
][
 {
  "type": "ask",
  "price": 711.7634,
  "amount": 5.1414131,
  "time": "05:05:16"
 }
][
 {
  "type": "ask",
  "price": 711.7634,
  "amount": 6.77600616,
  "time": "05:05:22"
 }
][
 {
  "type": "ask",
  "price": 711.7634,
  "amount": 6.1703553,
  "time": "05:06:20"
 }
][
 {
  "type": "bid",
  "price": 714.41553,
  "amount": 0.079649,
  "time": "05:10:22"
 }
][
 {
  "type": "bid",
  "price": 714.7955,
  "amount": 0.03650732,
  "time": "05:10:26"
 },
 {
  "type": "bid",
  "price": 714.7955,
  "amount": 0.03876071,
  "time": "05:10:25"
 }
][
 {
  "type": "ask",
  "price": 712.54417,
  "amount": 9.21847205,
  "time": "05:11:34"
 }
][
 {
  "type": "ask",
  "price": 712,
  "amount": 0.03980287,
  "time": "05:13:05"
 }
][
 {
  "type": "ask",
  "price": 712.54417,
  "amount": 3.74533485,
  "time": "05:13:43"
 }
][
 {
  "type": "ask",
  "price": 710.29285,
  "amount": 0.1202399,
  "time": "05:13:52"
 }
][
 {
  "type": "bid",
  "price": 714,
  "amount": 0.03,
  "time": "05:16:27"
 }
][
 {
  "type": "ask",
  "price": 711.72803,
  "amount": 8.35815872,
  "time": "05:16:34"
 }
][
 {
  "type": "ask",
  "price": 711.72804,
  "amount": 2.71591917,
  "time": "05:20:50"
 }
][
 {
  "type": "ask",
  "price": 711.72804,
  "amount": 1.05255479,
  "time": "05:21:04"
 }
][
 {
  "type": "bid",
  "price": 714.34407,
  "amount": 0.0995444,
  "time": "05:21:34"
 }
][
 {
  "type": "ask",
  "price": 709.11201,
  "amount": 0.13062364,
  "time": "05:21:38"
 },
 {
  "type": "ask",
  "price": 710.15134,
  "amount": 0.1142491,
  "time": "05:21:38"
 }
][
 {
  "type": "ask",
  "price": 711.85782,
  "amount": 5.31243984,
  "time": "05:22:46"
 }
][
 {
  "type": "ask",
  "price": 711.85782,
  "amount": 8.33373625,
  "time": "05:23:16"
 }
][
 {
  "type": "ask",
  "price": 711.85782,
  "amount": 6.19291025,
  "time": "05:27:33"
 }
][
 {
  "type": "ask",
  "price": 711.85782,
  "amount": 5.95341153,
  "time": "05:27:36"
 }
][
 {
  "type": "ask",
  "price": 711.85782,
  "amount": 5.73370635,
  "time": "05:28:57"
 }
][
 {
  "type": "ask",
  "price": 711.85782,
  "amount": 6.29215999,
  "time": "05:29:10"
 }
][
 {
  "type": "ask",
  "price": 711.85782,
  "amount": 3.27154023,
  "time": "05:31:41"
 }
][
 {
  "type": "ask",
  "price": 712.17232,
  "amount": 6.20197383,
  "time": "05:36:34"
 }
][
 {
  "type": "bid",
  "price": 714.34464,
  "amount": 0.0151,
  "time": "05:36:44"
 }
][
 {
  "type": "bid",
  "price": 714.34464,
  "amount": 0.0962733,
  "time": "05:39:23"
 }
][
 {
  "type": "ask",
  "price": 712.21756,
  "amount": 6.65708258,
  "time": "05:42:52"
 }
][
 {
  "type": "ask",
  "price": 711.66756,
  "amount": 4.33762298,
  "time": "05:45:47"
 }
][
 {
  "type": "bid",
  "price": 712.9,
  "amount": 0.05,
  "time": "05:46:15"
 }
][
 {
  "type": "ask",
  "price": 712.21756,
  "amount": 9.0150205,
  "time": "05:46:35"
 }
][
 {
  "type": "ask",
  "price": 710.43512,
  "amount": 0.1048711,
  "time": "05:47:00"
 }
][
 {
  "type": "ask",
  "price": 712,
  "amount": 1.54150693,
  "time": "05:49:35"
 }
][
 {
  "type": "ask",
  "price": 711.95,
  "amount": 5.0618123,
  "time": "05:51:37"
 }
][
 {
  "type": "ask",
  "price": 711.95,
  "amount": 6.91400286,
  "time": "05:55:06"
 }
][
 {
  "type": "bid",
  "price": 711.95,
  "amount": 3.19631466,
  "time": "06:01:44"
 }
][
 {
  "type": "ask",
  "price": 711.45,
  "amount": 2.38489054,
  "time": "06:01:57"
 }
][
 {
  "type": "bid",
  "price": 712.9,
  "amount": 0.04,
  "time": "06:03:50"
 }
][
 {
  "type": "ask",
  "price": 711.95,
  "amount": 8.65549552,
  "time": "06:08:12"
 }
][
 {
  "type": "ask",
  "price": 713.9,
  "amount": 0.09,
  "time": "06:09:08"
 },
 {
  "type": "bid",
  "price": 713.9,
  "amount": 0.01,
  "time": "06:09:07"
 }
][
 {
  "type": "ask",
  "price": 712.35021,
  "amount": 6.76857594,
  "time": "06:09:23"
 },
 {
  "type": "bid",
  "price": 714,
  "amount": 0.22,
  "time": "06:09:21"
 }
][
 {
  "type": "bid",
  "price": 714.70042,
  "amount": 0.1409856,
  "time": "06:09:29"
 }
][
 {
  "type": "ask",
  "price": 712.57951,
  "amount": 5.43348947,
  "time": "06:09:55"
 }
][
 {
  "type": "ask",
  "price": 710.36352,
  "amount": 0.0944194,
  "time": "06:10:05"
 }
][
 {
  "type": "bid",
  "price": 714.27335,
  "amount": 0.1262786,
  "time": "06:10:10"
 }
][
 {
  "type": "ask",
  "price": 712.57972,
  "amount": 1.66875167,
  "time": "06:12:01"
 }
][
 {
  "type": "ask",
  "price": 712.57972,
  "amount": 2.02664373,
  "time": "06:12:05"
 }
][
 {
  "type": "ask",
  "price": 713,
  "amount": 0.5,
  "time": "06:12:20"
 }
][
 {
  "type": "ask",
  "price": 712.57972,
  "amount": 7.13731759,
  "time": "06:13:01"
 }
][
 {
  "type": "ask",
  "price": 712.57972,
  "amount": 1.1312295,
  "time": "06:13:54"
 }
][
 {
  "type": "ask",
  "price": 712.57972,
  "amount": 7.50889912,
  "time": "06:16:57"
 }
][
 {
  "type": "ask",
  "price": 712.57972,
  "amount": 4.37906889,
  "time": "06:17:43"
 }
][
 {
  "type": "ask",
  "price": 712.57972,
  "amount": 2.45541031,
  "time": "06:18:01"
 }
][
 {
  "type": "ask",
  "price": 712.57972,
  "amount": 5.28382015,
  "time": "06:18:47"
 }
][
 {
  "type": "ask",
  "price": 712.57972,
  "amount": 2.41212361,
  "time": "06:20:17"
 }
][
 {
  "type": "bid",
  "price": 714.7955,
  "amount": 0.29558474,
  "time": "06:21:51"
 }
][
 {
  "type": "bid",
  "price": 715,
  "amount": 0.2508422,
  "time": "06:21:58"
 }
][
 {
  "type": "bid",
  "price": 715,
  "amount": 0.26731474,
  "time": "06:22:05"
 }
][
 {
  "type": "ask",
  "price": 713.42,
  "amount": 2.73681493,
  "time": "06:24:28"
 }
][
 {
  "type": "bid",
  "price": 715,
  "amount": 7.75463781,
  "time": "06:25:05"
 },
 {
  "type": "bid",
  "price": 715,
  "amount": 8.5669961,
  "time": "06:25:05"
 }
][
 {
  "type": "ask",
  "price": 713.80648,
  "amount": 0.95893994,
  "time": "06:26:32"
 }
][
 {
  "type": "ask",
  "price": 713.80648,
  "amount": 4.73844594,
  "time": "06:28:44"
 }
][
 {
  "type": "ask",
  "price": 713.80648,
  "amount": 7.86529582,
  "time": "06:30:08"
 }
][
 {
  "type": "ask",
  "price": 713.94148,
  "amount": 9.2373658,
  "time": "06:34:47"
 }
][
 {
  "type": "ask",
  "price": 713.94148,
  "amount": 0.66534159,
  "time": "06:34:53"
 }
][
 {
  "type": "ask",
  "price": 713.94148,
  "amount": 8.94965622,
  "time": "06:38:06"
 }
][
 {
  "type": "ask",
  "price": 713.94148,
  "amount": 5.77811523,
  "time": "06:38:10"
 }
][
 {
  "type": "ask",
  "price": 713.94148,
  "amount": 8.28755197,
  "time": "06:38:51"
 }
][
 {
  "type": "ask",
  "price": 713.94148,
  "amount": 0.69148681,
  "time": "06:40:41"
 }
][
 {
  "type": "bid",
  "price": 715.77296,
  "amount": 0.1207603,
  "time": "06:41:24"
 }
][
 {
  "type": "bid",
  "price": 716.77536,
  "amount": 0.0710814,
  "time": "06:42:09"
 }
][
 {
  "type": "ask",
  "price": 716.77536,
  "amount": 0.64602126,
  "time": "06:42:10"
 }
][
 {
  "type": "ask",
  "price": 714.89047,
  "amount": 7.34957934,
  "time": "06:45:02"
 }
][
 {
  "type": "bid",
  "price": 717,
  "amount": 0.05,
  "time": "06:46:59"
 }
][
 {
  "type": "bid",
  "price": 717.29729,
  "amount": 0.37696183,
  "time": "06:47:01"
 }
][
 {
  "type": "bid",
  "price": 717.9222,
  "amount": 0.01761533,
  "time": "06:48:46"
 }
][
 {
  "type": "ask",
  "price": 716.00296,
  "amount": 4.00635974,
  "time": "06:49:20"
 }
][
 {
  "type": "ask",
  "price": 716.00296,
  "amount": 3.00617436,
  "time": "06:49:29"
 }
][
 {
  "type": "ask",
  "price": 716.00296,
  "amount": 1.26728066,
  "time": "06:50:01"
 }
][
 {
  "type": "bid",
  "price": 717.92,
  "amount": 0.04058653,
  "time": "06:51:07"
 }
][
 {
  "type": "bid",
  "price": 717.9222,
  "amount": 0.05030617,
  "time": "06:51:09"
 }
][
 {
  "type": "bid",
  "price": 717.945,
  "amount": 0.01996,
  "time": "06:51:12"
 }
][
 {
  "type": "ask",
  "price": 716.19187,
  "amount": 3.35624589,
  "time": "06:51:14"
 }
][
 {
  "type": "ask",
  "price": 716.19187,
  "amount": 8.13589891,
  "time": "06:51:34"
 }
][
 {
  "type": "ask",
  "price": 716.19187,
  "amount": 1.65338115,
  "time": "06:51:43"
 }
][
 {
  "type": "ask",
  "price": 717.246,
  "amount": 8.12131598,
  "time": "06:52:39"
 }
][
 {
  "type": "bid",
  "price": 718.3,
  "amount": 0.010978,
  "time": "06:53:23"
 }
][
 {
  "type": "bid",
  "price": 718.59194,
  "amount": 0.044672,
  "time": "06:53:25"
 }
][
 {
  "type": "ask",
  "price": 718.59194,
  "amount": 0.14702042,
  "time": "06:54:06"
 }
][
 {
  "type": "ask",
  "price": 718.592,
  "amount": 0.02,
  "time": "06:54:15"
 }
][
 {
  "type": "ask",
  "price": 716.44187,
  "amount": 8.13226963,
  "time": "06:54:25"
 }
][
 {
  "type": "bid",
  "price": 718.8,
  "amount": 0.3,
  "time": "06:56:21"
 }
][
 {
  "type": "bid",
  "price": 718.8,
  "amount": 0.1,
  "time": "06:57:13"
 }
][
 {
  "type": "bid",
  "price": 718.8,
  "amount": 2.76969619,
  "time": "06:57:18"
 }
][
 {
  "type": "ask",
  "price": 718.8,
  "amount": 0.15183968,
  "time": "06:57:19"
 }
][
 {
  "type": "ask",
  "price": 717.4995,
  "amount": 2.66506766,
  "time": "06:57:56"
 }
][
 {
  "type": "ask",
  "price": 717,
  "amount": 0.5,
  "time": "06:57:58"
 }
][
 {
  "type": "ask",
  "price": 716,
  "amount": 0.5,
  "time": "06:58:06"
 }
][
 {
  "type": "bid",
  "price": 716.54137,
  "amount": 5.5123634,
  "time": "07:02:03"
 }
][
 {
  "type": "bid",
  "price": 716.54137,
  "amount": 1.09355228,
  "time": "07:02:29"
 }
][
 {
  "type": "bid",
  "price": 716.54137,
  "amount": 0.54604478,
  "time": "07:02:40"
 }
][
 {
  "type": "bid",
  "price": 718.999,
  "amount": 0.21639323,
  "time": "07:04:05"
 }
][
 {
  "type": "ask",
  "price": 716.8495,
  "amount": 1.14365776,
  "time": "07:04:29"
 }
][
 {
  "type": "ask",
  "price": 716.79394,
  "amount": 4.52570428,
  "time": "07:04:32"
 }
][
 {
  "type": "ask",
  "price": 716.97421,
  "amount": 0.01,
  "time": "07:04:54"
 }
][
 {
  "type": "ask",
  "price": 714.08373,
  "amount": 0.17371275,
  "time": "07:04:58"
 },
 {
  "type": "ask",
  "price": 714.7,
  "amount": 0.147933,
  "time": "07:04:58"
 }
][
 {
  "type": "bid",
  "price": 718.9065,
  "amount": 0.0555088,
  "time": "07:05:19"
 }
][
 {
  "type": "bid",
  "price": 718.999,
  "amount": 0.01,
  "time": "07:05:21"
 },
 {
  "type": "bid",
  "price": 718.999,
  "amount": 0.03360677,
  "time": "07:05:21"
 }
][
 {
  "type": "bid",
  "price": 719,
  "amount": 0.25932262,
  "time": "07:05:23"
 }
][
 {
  "type": "bid",
  "price": 719,
  "amount": 0.21453696,
  "time": "07:05:25"
 }
][
 {
  "type": "bid",
  "price": 719,
  "amount": 0.81527004,
  "time": "07:05:27"
 },
 {
  "type": "bid",
  "price": 719,
  "amount": 4.18182545,
  "time": "07:05:27"
 }
][
 {
  "type": "ask",
  "price": 716.88186,
  "amount": 3.01071666,
  "time": "07:06:09"
 }
][
 {
  "type": "bid",
  "price": 719.08,
  "amount": 1.13827493,
  "time": "07:06:22"
 }
][
 {
  "type": "ask",
  "price": 716.88186,
  "amount": 1.88042059,
  "time": "07:07:28"
 }
][
 {
  "type": "bid",
  "price": 717.44,
  "amount": 2.81979382,
  "time": "07:08:48"
 }
][
 {
  "type": "bid",
  "price": 717.44,
  "amount": 2.81315411,
  "time": "07:09:38"
 }
][
 {
  "type": "bid",
  "price": 717.44,
  "amount": 5.7328397,
  "time": "07:10:37"
 }
][
 {
  "type": "bid",
  "price": 717.44,
  "amount": 7.4891149,
  "time": "07:10:45"
 }
][
 {
  "type": "ask",
  "price": 715.2,
  "amount": 0.03,
  "time": "07:11:07"
 }
][
 {
  "type": "bid",
  "price": 716.79186,
  "amount": 5.681513,
  "time": "07:14:47"
 }
][
 {
  "type": "ask",
  "price": 714.18373,
  "amount": 0.42706,
  "time": "07:15:06"
 }
][
 {
  "type": "ask",
  "price": 714.08373,
  "amount": 0.19782287,
  "time": "07:15:07"
 }
][
 {
  "type": "ask",
  "price": 713.9221,
  "amount": 0.1670741,
  "time": "07:15:16"
 }
][
 {
  "type": "bid",
  "price": 715.14591,
  "amount": 3.49650782,
  "time": "07:16:10"
 }
][
 {
  "type": "bid",
  "price": 715.14591,
  "amount": 3.19805746,
  "time": "07:16:20"
 }
][
 {
  "type": "bid",
  "price": 715.14591,
  "amount": 2.70463436,
  "time": "07:17:44"
 }
][
 {
  "type": "ask",
  "price": 715.14591,
  "amount": 3.97879572,
  "time": "07:21:23"
 }
][
 {
  "type": "bid",
  "price": 717.29729,
  "amount": 0.37062446,
  "time": "07:22:31"
 }
][
 {
  "type": "ask",
  "price": 716.18209,
  "amount": 2.75590109,
  "time": "07:23:40"
 }
][
 {
  "type": "bid",
  "price": 718.28045,
  "amount": 0.1043249,
  "time": "07:23:41"
 }
][
 {
  "type": "ask",
  "price": 716.85338,
  "amount": 7.31148122,
  "time": "07:23:48"
 }
][
 {
  "type": "bid",
  "price": 716.85338,
  "amount": 5.82784658,
  "time": "07:24:35"
 }
][
 {
  "type": "bid",
  "price": 719.5,
  "amount": 0.02994,
  "time": "07:24:40"
 }
][
 {
  "type": "bid",
  "price": 719.64504,
  "amount": 0.1001085,
  "time": "07:24:43"
 }
][
 {
  "type": "ask",
  "price": 717.58602,
  "amount": 3.26208541,
  "time": "07:27:33"
 }
][
 {
  "type": "ask",
  "price": 717.58602,
  "amount": 1.51752334,
  "time": "07:29:32"
 }
][
 {
  "type": "bid",
  "price": 717.33413,
  "amount": 3.18565966,
  "time": "07:31:16"
 }
][
 {
  "type": "ask",
  "price": 715.49205,
  "amount": 0.1246063,
  "time": "07:31:48"
 }
][
 {
  "type": "bid",
  "price": 716.85406,
  "amount": 8.51328002,
  "time": "07:33:44"
 }
][
 {
  "type": "bid",
  "price": 716.85406,
  "amount": 4.66155824,
  "time": "07:33:53"
 }
][
 {
  "type": "bid",
  "price": 716.85406,
  "amount": 4.48193977,
  "time": "07:34:00"
 }
][
 {
  "type": "ask",
  "price": 714.20661,
  "amount": 0.0131875,
  "time": "07:38:55"
 }
][
 {
  "type": "ask",
  "price": 716.85406,
  "amount": 3.5592095,
  "time": "07:43:02"
 }
][
 {
  "type": "ask",
  "price": 716.6033,
  "amount": 6.62215865,
  "time": "07:43:36"
 }
][
 {
  "type": "ask",
  "price": 716.15331,
  "amount": 3.88235012,
  "time": "07:46:16"
 }
][
 {
  "type": "ask",
  "price": 716.15331,
  "amount": 6.96992271,
  "time": "07:46:19"
 }
][
 {
  "type": "bid",
  "price": 716,
  "amount": 1,
  "time": "07:46:24"
 }
][
 {
  "type": "bid",
  "price": 718,
  "amount": 1,
  "time": "07:46:28"
 }
][
 {
  "type": "bid",
  "price": 716,
  "amount": 1,
  "time": "07:46:42"
 }
][
 {
  "type": "bid",
  "price": 716,
  "amount": 0.7445,
  "time": "07:47:02"
 }
][
 {
  "type": "bid",
  "price": 716,
  "amount": 1,
  "time": "07:47:30"
 }
][
 {
  "type": "bid",
  "price": 716,
  "amount": 1,
  "time": "07:47:34"
 }
][
 {
  "type": "bid",
  "price": 716,
  "amount": 1,
  "time": "07:47:39"
 }
][
 {
  "type": "bid",
  "price": 717.999,
  "amount": 0.10978,
  "time": "07:50:09"
 }
][
 {
  "type": "ask",
  "price": 716.75326,
  "amount": 4.38530256,
  "time": "07:50:13"
 }
][
 {
  "type": "ask",
  "price": 717,
  "amount": 0.2,
  "time": "07:50:21"
 }
][
 {
  "type": "ask",
  "price": 716.75326,
  "amount": 7.67576758,
  "time": "07:52:22"
 }
][
 {
  "type": "ask",
  "price": 716.75326,
  "amount": 3.95980037,
  "time": "07:55:21"
 }
][
 {
  "type": "ask",
  "price": 716.7532,
  "amount": 6.33091902,
  "time": "08:00:07"
 }
][
 {
  "type": "ask",
  "price": 716.7532,
  "amount": 5.20422475,
  "time": "08:00:10"
 }
][
 {
  "type": "bid",
  "price": 717,
  "amount": 0.03976016,
  "time": "08:01:59"
 }
][
 {
  "type": "ask",
  "price": 716.9999,
  "amount": 9.07935222,
  "time": "08:04:34"
 }
][
 {
  "type": "ask",
  "price": 716.9999,
  "amount": 3.1195933,
  "time": "08:05:21"
 }
][
 {
  "type": "bid",
  "price": 718.9998,
  "amount": 0.0998,
  "time": "08:05:42"
 }
][
 {
  "type": "bid",
  "price": 718.9999,
  "amount": 0.86562265,
  "time": "08:05:43"
 }
][
 {
  "type": "ask",
  "price": 717.25077,
  "amount": 7.33643977,
  "time": "08:05:55"
 }
][
 {
  "type": "ask",
  "price": 717.25083,
  "amount": 5.29791622,
  "time": "08:06:13"
 }
][
 {
  "type": "bid",
  "price": 719.50152,
  "amount": 0.0906643,
  "time": "08:06:15"
 }
][
 {
  "type": "ask",
  "price": 717.55045,
  "amount": 8.10978382,
  "time": "08:06:25"
 }
][
 {
  "type": "bid",
  "price": 719.68,
  "amount": 0.28941452,
  "time": "08:07:17"
 }
][
 {
  "type": "ask",
  "price": 718.40391,
  "amount": 3.2920275,
  "time": "08:07:20"
 }
][
 {
  "type": "bid",
  "price": 719.80783,
  "amount": 0.37725984,
  "time": "08:07:52"
 }
][
 {
  "type": "ask",
  "price": 718.47,
  "amount": 0.95201336,
  "time": "08:08:23"
 }
][
 {
  "type": "bid",
  "price": 719.994,
  "amount": 0.99,
  "time": "08:08:49"
 },
 {
  "type": "bid",
  "price": 719.94,
  "amount": 0.01,
  "time": "08:08:49"
 }
][
 {
  "type": "bid",
  "price": 719.994,
  "amount": 0.65220671,
  "time": "08:09:20"
 }
][
 {
  "type": "bid",
  "price": 719.994,
  "amount": 0.77151826,
  "time": "08:09:52"
 }
][
 {
  "type": "bid",
  "price": 719.994,
  "amount": 0.6459312,
  "time": "08:10:23"
 }
][
 {
  "type": "bid",
  "price": 719.994,
  "amount": 0.70951539,
  "time": "08:10:55"
 }
][
 {
  "type": "bid",
  "price": 719.994,
  "amount": 1.23082844,
  "time": "08:11:13"
 }
][
 {
  "type": "bid",
  "price": 720,
  "amount": 0.03931377,
  "time": "08:11:20"
 },
 {
  "type": "bid",
  "price": 720,
  "amount": 0.58007501,
  "time": "08:11:20"
 },
 {
  "type": "bid",
  "price": 720,
  "amount": 0.2,
  "time": "08:11:20"
 }
][
 {
  "type": "ask",
  "price": 719.43471,
  "amount": 6.69863913,
  "time": "08:11:34"
 }
][
 {
  "type": "bid",
  "price": 720.86843,
  "amount": 0.01897127,
  "time": "08:12:03"
 }
][
 {
  "type": "ask",
  "price": 719.43471,
  "amount": 6.57037553,
  "time": "08:12:16"
 }
][
 {
  "type": "bid",
  "price": 720.86843,
  "amount": 0.09830143,
  "time": "08:13:02"
 }
][
 {
  "type": "ask",
  "price": 721,
  "amount": 0.03826669,
  "time": "08:13:04"
 }
][
 {
  "type": "bid",
  "price": 721.13,
  "amount": 0.147933,
  "time": "08:13:32"
 }
][
 {
  "type": "ask",
  "price": 721,
  "amount": 0.37022617,
  "time": "08:13:37"
 }
][
 {
  "type": "ask",
  "price": 721,
  "amount": 0.15085316,
  "time": "08:14:08"
 },
 {
  "type": "ask",
  "price": 721.04,
  "amount": 0.142828,
  "time": "08:14:07"
 }
][
 {
  "type": "bid",
  "price": 721.29729,
  "amount": 1.497,
  "time": "08:14:12"
 }
][
 {
  "type": "bid",
  "price": 721.3,
  "amount": 0.01,
  "time": "08:14:17"
 }
][
 {
  "type": "bid",
  "price": 721.65,
  "amount": 0.01,
  "time": "08:14:25"
 }
][
 {
  "type": "ask",
  "price": 721.63363,
  "amount": 0.012,
  "time": "08:15:11"
 }
][
 {
  "type": "bid",
  "price": 722.02197,
  "amount": 0.0551968,
  "time": "08:15:53"
 }
][
 {
  "type": "ask",
  "price": 721,
  "amount": 0.01837019,
  "time": "08:16:40"
 }
][
 {
  "type": "bid",
  "price": 722.17,
  "amount": 0.01,
  "time": "08:16:51"
 }
][
 {
  "type": "bid",
  "price": 722.19,
  "amount": 0.01,
  "time": "08:16:59"
 }
][
 {
  "type": "bid",
  "price": 722.32715,
  "amount": 0.37710851,
  "time": "08:17:06"
 }
][
 {
  "type": "bid",
  "price": 723.24941,
  "amount": 0.0395419,
  "time": "08:17:30"
 }
][
 {
  "type": "bid",
  "price": 723.40428,
  "amount": 1.10099939,
  "time": "08:18:04"
 }
][
 {
  "type": "bid",
  "price": 724,
  "amount": 0.02,
  "time": "08:19:05"
 },
 {
  "type": "bid",
  "price": 723.40428,
  "amount": 0.56303321,
  "time": "08:19:04"
 }
][
 {
  "type": "ask",
  "price": 721,
  "amount": 0.1038201,
  "time": "08:19:36"
 }
][
 {
  "type": "ask",
  "price": 722.59,
  "amount": 1.89365623,
  "time": "08:19:44"
 }
][
 {
  "type": "ask",
  "price": 721,
  "amount": 0.030989,
  "time": "08:19:49"
 }
][
 {
  "type": "ask",
  "price": 721,
  "amount": 0.09783209,
  "time": "08:19:52"
 }
][
 {
  "type": "ask",
  "price": 721,
  "amount": 0.16179207,
  "time": "08:19:53"
 }
][
 {
  "type": "ask",
  "price": 721,
  "amount": 0.0333922,
  "time": "08:20:01"
 }
][
 {
  "type": "ask",
  "price": 721,
  "amount": 0.0170072,
  "time": "08:20:12"
 }
][
 {
  "type": "ask",
  "price": 722.59,
  "amount": 8.72151124,
  "time": "08:20:34"
 }
][
 {
  "type": "ask",
  "price": 722.59,
  "amount": 9.57923137,
  "time": "08:21:04"
 }
][
 {
  "type": "bid",
  "price": 722.59,
  "amount": 0.0416442,
  "time": "08:21:49"
 },
 {
  "type": "ask",
  "price": 722.59,
  "amount": 2.93795329,
  "time": "08:21:47"
 }
][
 {
  "type": "bid",
  "price": 724.18,
  "amount": 0.03110668,
  "time": "08:22:53"
 }
][
 {
  "type": "ask",
  "price": 722.66722,
  "amount": 0.74339767,
  "time": "08:23:01"
 }
][
 {
  "type": "bid",
  "price": 724.361,
  "amount": 0.01996,
  "time": "08:23:45"
 },
 {
  "type": "bid",
  "price": 724.33444,
  "amount": 0.0295732,
  "time": "08:23:44"
 }
][
 {
  "type": "ask",
  "price": 724.361,
  "amount": 0.02,
  "time": "08:24:14"
 }
][
 {
  "type": "bid",
  "price": 724.8553,
  "amount": 0.37640275,
  "time": "08:24:55"
 }
][
 {
  "type": "bid",
  "price": 724.97,
  "amount": 0.3382,
  "time": "08:25:45"
 }
][
 {
  "type": "ask",
  "price": 724.97,
  "amount": 0.01996,
  "time": "08:26:13"
 }
][
 {
  "type": "bid",
  "price": 725,
  "amount": 0.63018655,
  "time": "08:26:46"
 },
 {
  "type": "bid",
  "price": 725,
  "amount": 0.01,
  "time": "08:26:46"
 }
][
 {
  "type": "bid",
  "price": 725,
  "amount": 0.03988,
  "time": "08:27:09"
 }
][
 {
  "type": "bid",
  "price": 724,
  "amount": 0.12309951,
  "time": "08:27:15"
 }
][
 {
  "type": "bid",
  "price": 725,
  "amount": 0.01,
  "time": "08:27:19"
 },
 {
  "type": "bid",
  "price": 725,
  "amount": 0.33512946,
  "time": "08:27:19"
 }
][
 {
  "type": "bid",
  "price": 725.12,
  "amount": 0.01,
  "time": "08:27:20"
 }
][
 {
  "type": "bid",
  "price": 725.63,
  "amount": 0.01,
  "time": "08:27:23"
 }
][
 {
  "type": "bid",
  "price": 725.93,
  "amount": 0.01,
  "time": "08:27:25"
 }
][
 {
  "type": "ask",
  "price": 724.36,
  "amount": 3.38222012,
  "time": "08:28:06"
 }
][
 {
  "type": "ask",
  "price": 724.36,
  "amount": 0.03988,
  "time": "08:28:13"
 }
][
 {
  "type": "bid",
  "price": 724.36,
  "amount": 0.02817973,
  "time": "08:28:14"
 }
][
 {
  "type": "bid",
  "price": 725.71126,
  "amount": 0.021956,
  "time": "08:30:55"
 }
][
 {
  "type": "bid",
  "price": 725.8,
  "amount": 1,
  "time": "08:32:07"
 }
][
 {
  "type": "ask",
  "price": 722.38617,
  "amount": 0.0121328,
  "time": "08:34:01"
 }
][
 {
  "type": "ask",
  "price": 724.35995,
  "amount": 0.024086,
  "time": "08:36:13"
 }
][
 {
  "type": "bid",
  "price": 726.9,
  "amount": 0.999,
  "time": "08:36:34"
 }
][
 {
  "type": "bid",
  "price": 727,
  "amount": 0.01,
  "time": "08:36:37"
 },
 {
  "type": "bid",
  "price": 727,
  "amount": 0.03,
  "time": "08:36:37"
 },
 {
  "type": "bid",
  "price": 726.92,
  "amount": 0.01,
  "time": "08:36:36"
 }
][
 {
  "type": "bid",
  "price": 727.39229,
  "amount": 0.37519887,
  "time": "08:38:40"
 }
][
 {
  "type": "bid",
  "price": 727.53,
  "amount": 0.142828,
  "time": "08:38:42"
 }
][
 {
  "type": "bid",
  "price": 727.874,
  "amount": 0.08452,
  "time": "08:38:54"
 }
][
 {
  "type": "ask",
  "price": 727.874,
  "amount": 0.08452,
  "time": "08:39:22"
 }
][
 {
  "type": "bid",
  "price": 728,
  "amount": 0.25,
  "time": "08:39:29"
 },
 {
  "type": "bid",
  "price": 728,
  "amount": 0.01,
  "time": "08:39:29"
 }
][
 {
  "type": "bid",
  "price": 728.97159,
  "amount": 0.01,
  "time": "08:39:34"
 },
 {
  "type": "bid",
  "price": 728.46,
  "amount": 0.01,
  "time": "08:39:33"
 }
][
 {
  "type": "bid",
  "price": 728.9999,
  "amount": 0.2,
  "time": "08:39:35"
 }
][
 {
  "type": "bid",
  "price": 729.34,
  "amount": 0.01,
  "time": "08:40:05"
 }
][
 {
  "type": "ask",
  "price": 728,
  "amount": 0.17886707,
  "time": "08:41:11"
 }
][
 {
  "type": "ask",
  "price": 727.64152,
  "amount": 5.74277058,
  "time": "08:43:48"
 }
][
 {
  "type": "ask",
  "price": 727.64152,
  "amount": 0.64548522,
  "time": "08:44:06"
 }
][
 {
  "type": "ask",
  "price": 729.93817,
  "amount": 0.32525203,
  "time": "08:44:45"
 },
 {
  "type": "bid",
  "price": 729.93817,
  "amount": 0.37474797,
  "time": "08:44:44"
 }
][
 {
  "type": "bid",
  "price": 728.33394,
  "amount": 9.40278,
  "time": "08:44:50"
 }
][
 {
  "type": "bid",
  "price": 728.33394,
  "amount": 3.60329402,
  "time": "08:45:14"
 }
][
 {
  "type": "ask",
  "price": 728.33394,
  "amount": 8.06591255,
  "time": "08:45:46"
 }
][
 {
  "type": "ask",
  "price": 728.33394,
  "amount": 7.33888158,
  "time": "08:49:13"
 }
][
 {
  "type": "bid",
  "price": 728,
  "amount": 0.03916163,
  "time": "08:49:18"
 }
][
 {
  "type": "ask",
  "price": 726.66798,
  "amount": 0.36792261,
  "time": "08:49:41"
 }
][
 {
  "type": "bid",
  "price": 726.66798,
  "amount": 0.04297813,
  "time": "08:49:42"
 }
][
 {
  "type": "bid",
  "price": 726.66798,
  "amount": 0.98185849,
  "time": "08:50:03"
 }
][
 {
  "type": "bid",
  "price": 726.66798,
  "amount": 0.10333281,
  "time": "08:50:46"
 }
][
 {
  "type": "ask",
  "price": 727.92908,
  "amount": 7.03960633,
  "time": "08:54:14"
 }
][
 {
  "type": "ask",
  "price": 727.92908,
  "amount": 7.586924,
  "time": "08:55:22"
 }
][
 {
  "type": "ask",
  "price": 727.92908,
  "amount": 4.93336392,
  "time": "08:58:38"
 }
][
 {
  "type": "ask",
  "price": 727.92908,
  "amount": 0.69559146,
  "time": "08:59:47"
 }
][
 {
  "type": "ask",
  "price": 727.6418,
  "amount": 8.05936412,
  "time": "09:00:29"
 }
][
 {
  "type": "ask",
  "price": 727.6418,
  "amount": 9.26969624,
  "time": "09:00:54"
 }
][
 {
  "type": "ask",
  "price": 727.64152,
  "amount": 4.04446044,
  "time": "09:01:47"
 }
][
 {
  "type": "bid",
  "price": 727.64152,
  "amount": 0.33288211,
  "time": "09:01:51"
 },
 {
  "type": "bid",
  "price": 727.64152,
  "amount": 0.0234,
  "time": "09:01:50"
 }
][
 {
  "type": "ask",
  "price": 727.64152,
  "amount": 8.78970702,
  "time": "09:02:00"
 }
][
 {
  "type": "bid",
  "price": 728.8992,
  "amount": 0.0361463,
  "time": "09:02:08"
 }
][
 {
  "type": "ask",
  "price": 725.34487,
  "amount": 0.18015409,
  "time": "09:02:31"
 }
][
 {
  "type": "ask",
  "price": 725.34487,
  "amount": 0.01217261,
  "time": "09:03:01"
 }
][
 {
  "type": "bid",
  "price": 727.03582,
  "amount": 1.65955163,
  "time": "09:03:10"
 },
 {
  "type": "ask",
  "price": 724.7626,
  "amount": 0.1163204,
  "time": "09:03:09"
 }
][
 {
  "type": "ask",
  "price": 724.13351,
  "amount": 0.25097473,
  "time": "09:03:13"
 }
][
 {
  "type": "bid",
  "price": 727.9999,
  "amount": 0.01,
  "time": "09:05:42"
 }
][
 {
  "type": "bid",
  "price": 729.04202,
  "amount": 0.1034563,
  "time": "09:05:56"
 }
][
 {
  "type": "bid",
  "price": 724.133,
  "amount": 0.25824765,
  "time": "09:05:59"
 },
 {
  "type": "bid",
  "price": 724.133,
  "amount": 0.1233769,
  "time": "09:05:58"
 },
 {
  "type": "ask",
  "price": 724.13351,
  "amount": 0.11737545,
  "time": "09:05:58"
 }
][
 {
  "type": "bid",
  "price": 727.39229,
  "amount": 0.36731885,
  "time": "09:06:18"
 }
][
 {
  "type": "bid",
  "price": 729.04217,
  "amount": 0.0941411,
  "time": "09:06:27"
 }
][
 {
  "type": "bid",
  "price": 729.93817,
  "amount": 0.02,
  "time": "09:06:58"
 },
 {
  "type": "bid",
  "price": 729.93817,
  "amount": 0.36769966,
  "time": "09:06:58"
 }
][
 {
  "type": "ask",
  "price": 728.53995,
  "amount": 5.89408093,
  "time": "09:09:20"
 }
][
 {
  "type": "ask",
  "price": 728.53995,
  "amount": 5.13413442,
  "time": "09:10:15"
 }
][
 {
  "type": "ask",
  "price": 728.53995,
  "amount": 6.15473629,
  "time": "09:10:57"
 }
][
 {
  "type": "ask",
  "price": 728.53995,
  "amount": 6.03104939,
  "time": "09:11:41"
 }
][
 {
  "type": "ask",
  "price": 728.53995,
  "amount": 4.27447637,
  "time": "09:14:09"
 }
][
 {
  "type": "ask",
  "price": 728.53995,
  "amount": 3.81305424,
  "time": "09:14:51"
 }
][
 {
  "type": "ask",
  "price": 728.53995,
  "amount": 2.83110443,
  "time": "09:15:14"
 }
][
 {
  "type": "bid",
  "price": 729.9999,
  "amount": 0.25,
  "time": "09:16:53"
 },
 {
  "type": "bid",
  "price": 729.9999,
  "amount": 0.02,
  "time": "09:16:53"
 }
][
 {
  "type": "ask",
  "price": 728.54,
  "amount": 9.7843738,
  "time": "09:17:12"
 }
][
 {
  "type": "ask",
  "price": 728.32399,
  "amount": 9.13918444,
  "time": "09:20:21"
 }
][
 {
  "type": "ask",
  "price": 726.66798,
  "amount": 0.05,
  "time": "09:21:39"
 }
][
 {
  "type": "ask",
  "price": 726.66798,
  "amount": 0.05,
  "time": "09:21:56"
 }
][
 {
  "type": "ask",
  "price": 728.32399,
  "amount": 8.689122,
  "time": "09:23:42"
 }
][
 {
  "type": "ask",
  "price": 726.66798,
  "amount": 0.26776344,
  "time": "09:25:01"
 }
][
 {
  "type": "ask",
  "price": 727.51574,
  "amount": 9.49725966,
  "time": "09:25:08"
 }
][
 {
  "type": "ask",
  "price": 727.49483,
  "amount": 4.35602534,
  "time": "09:25:19"
 }
][
 {
  "type": "ask",
  "price": 724.13385,
  "amount": 7.5754399,
  "time": "09:26:31"
 },
 {
  "type": "ask",
  "price": 725.05149,
  "amount": 0.1245601,
  "time": "09:26:31"
 }
][
 {
  "type": "bid",
  "price": 729.04144,
  "amount": 0.0982126,
  "time": "09:26:36"
 }
][
 {
  "type": "bid",
  "price": 729.93817,
  "amount": 0.36705627,
  "time": "09:26:45"
 }
][
 {
  "type": "ask",
  "price": 727.08,
  "amount": 0.151032,
  "time": "09:27:03"
 }
][
 {
  "type": "bid",
  "price": 727.08,
  "amount": 0.02439879,
  "time": "09:27:05"
 }
][
 {
  "type": "ask",
  "price": 728.32399,
  "amount": 7.25713534,
  "time": "09:27:13"
 }
][
 {
  "type": "ask",
  "price": 726.66798,
  "amount": 0.01080118,
  "time": "09:27:20"
 }
][
 {
  "type": "bid",
  "price": 729.98,
  "amount": 0.0302,
  "time": "09:27:35"
 }
][
 {
  "type": "ask",
  "price": 724.13472,
  "amount": 7.42461361,
  "time": "09:28:22"
 },
 {
  "type": "ask",
  "price": 724.68998,
  "amount": 0.1189262,
  "time": "09:28:22"
 },
 {
  "type": "ask",
  "price": 726.66798,
  "amount": 0.35646019,
  "time": "09:28:22"
 }
][
 {
  "type": "bid",
  "price": 728.82389,
  "amount": 0.0975109,
  "time": "09:28:26"
 }
][
 {
  "type": "ask",
  "price": 727.3865,
  "amount": 3.60019025,
  "time": "09:28:55"
 }
][
 {
  "type": "bid",
  "price": 729.93817,
  "amount": 0.36704717,
  "time": "09:28:58"
 }
][
 {
  "type": "bid",
  "price": 729.99,
  "amount": 1.06978913,
  "time": "09:29:34"
 }
][
 {
  "type": "ask",
  "price": 726.66798,
  "amount": 0.01708248,
  "time": "09:30:20"
 }
][
 {
  "type": "ask",
  "price": 721.61062,
  "amount": 5.63025906,
  "time": "09:30:41"
 },
 {
  "type": "ask",
  "price": 722.25197,
  "amount": 0.036316,
  "time": "09:30:41"
 },
 {
  "type": "ask",
  "price": 724.13351,
  "amount": 0.3686314,
  "time": "09:30:41"
 },
 {
  "type": "ask",
  "price": 724.83484,
  "amount": 0.1146628,
  "time": "09:30:41"
 },
 {
  "type": "ask",
  "price": 726.66798,
  "amount": 0.35013074,
  "time": "09:30:41"
 }
][
 {
  "type": "bid",
  "price": 728.08137,
  "amount": 0.0362434,
  "time": "09:30:49"
 }
][
 {
  "type": "ask",
  "price": 726.07056,
  "amount": 5.95150327,
  "time": "09:30:58"
 }
][
 {
  "type": "bid",
  "price": 727.39229,
  "amount": 0.36719722,
  "time": "09:31:35"
 }
][
 {
  "type": "ask",
  "price": 726.58742,
  "amount": 2.73481747,
  "time": "09:33:00"
 }
][
 {
  "type": "bid",
  "price": 726.587,
  "amount": 0.17850934,
  "time": "09:34:36"
 }
][
 {
  "type": "ask",
  "price": 726.58742,
  "amount": 6.93206261,
  "time": "09:34:44"
 }
][
 {
  "type": "ask",
  "price": 726.58742,
  "amount": 0.61483049,
  "time": "09:35:26"
 }
][
 {
  "type": "ask",
  "price": 726.58742,
  "amount": 7.172819,
  "time": "09:36:05"
 }
][
 {
  "type": "ask",
  "price": 726.58742,
  "amount": 3.44790298,
  "time": "09:36:29"
 }
][
 {
  "type": "ask",
  "price": 726.58742,
  "amount": 8.66111334,
  "time": "09:38:18"
 }
][
 {
  "type": "ask",
  "price": 724.13351,
  "amount": 0.0155,
  "time": "09:41:19"
 }
][
 {
  "type": "ask",
  "price": 726.58742,
  "amount": 3.75666079,
  "time": "09:42:04"
 }
][
 {
  "type": "ask",
  "price": 724.13351,
  "amount": 0.09579874,
  "time": "09:42:14"
 }
][
 {
  "type": "ask",
  "price": 726.51675,
  "amount": 7.32644704,
  "time": "09:45:37"
 }
][
 {
  "type": "ask",
  "price": 726.51675,
  "amount": 8.94441298,
  "time": "09:45:45"
 }
][
 {
  "type": "ask",
  "price": 726.51675,
  "amount": 8.3194183,
  "time": "09:46:11"
 }
][
 {
  "type": "ask",
  "price": 726.51675,
  "amount": 3.99356773,
  "time": "09:47:37"
 }
][
 {
  "type": "ask",
  "price": 726.51675,
  "amount": 6.80723267,
  "time": "09:48:25"
 }
][
 {
  "type": "bid",
  "price": 724.13351,
  "amount": 0.01733074,
  "time": "09:50:30"
 },
 {
  "type": "ask",
  "price": 724.13351,
  "amount": 0.25704823,
  "time": "09:50:29"
 }
][
 {
  "type": "ask",
  "price": 725.76114,
  "amount": 4.3773132,
  "time": "09:50:32"
 }
][
 {
  "type": "ask",
  "price": 725.76114,
  "amount": 9.15549284,
  "time": "09:51:25"
 }
][
 {
  "type": "ask",
  "price": 725.76114,
  "amount": 9.20547485,
  "time": "09:51:32"
 }
][
 {
  "type": "bid",
  "price": 725.76114,
  "amount": 0.06757925,
  "time": "09:51:53"
 }
][
 {
  "type": "bid",
  "price": 725.76114,
  "amount": 0.11383154,
  "time": "09:51:54"
 }
][
 {
  "type": "ask",
  "price": 725.76114,
  "amount": 9.45467091,
  "time": "09:51:56"
 }
][
 {
  "type": "ask",
  "price": 725.76114,
  "amount": 0.60717646,
  "time": "09:53:52"
 }
][
 {
  "type": "bid",
  "price": 725.76114,
  "amount": 0.30937751,
  "time": "09:53:55"
 }
][
 {
  "type": "ask",
  "price": 725.76114,
  "amount": 9.47054322,
  "time": "09:54:46"
 }
][
 {
  "type": "ask",
  "price": 725.76114,
  "amount": 7.80009404,
  "time": "09:56:16"
 }
][
 {
  "type": "ask",
  "price": 725.85264,
  "amount": 7.96459114,
  "time": "09:57:22"
 }
][
 {
  "type": "ask",
  "price": 725.8531,
  "amount": 0.51809908,
  "time": "09:58:38"
 }
][
 {
  "type": "ask",
  "price": 725.8531,
  "amount": 6.6456894,
  "time": "10:00:07"
 }
][
 {
  "type": "ask",
  "price": 725.8531,
  "amount": 4.35657996,
  "time": "10:00:16"
 }
][
 {
  "type": "ask",
  "price": 725.8531,
  "amount": 3.6565659,
  "time": "10:01:11"
 }
][
 {
  "type": "ask",
  "price": 722,
  "amount": 1.29140113,
  "time": "10:02:16"
 },
 {
  "type": "ask",
  "price": 723.09977,
  "amount": 0.1142935,
  "time": "10:02:16"
 },
 {
  "type": "ask",
  "price": 724.13,
  "amount": 0.34524024,
  "time": "10:02:16"
 },
 {
  "type": "ask",
  "price": 724.313,
  "amount": 0.1,
  "time": "10:02:16"
 },
 {
  "type": "ask",
  "price": 724.314,
  "amount": 0.58467376,
  "time": "10:02:16"
 }
][
 {
  "type": "ask",
  "price": 724.69624,
  "amount": 6.51281599,
  "time": "10:02:44"
 }
][
 {
  "type": "bid",
  "price": 727.3922,
  "amount": 0.01774327,
  "time": "10:02:46"
 }
][
 {
  "type": "ask",
  "price": 724.69668,
  "amount": 3.6864825,
  "time": "10:04:53"
 }
][
 {
  "type": "ask",
  "price": 724.69673,
  "amount": 0.58979106,
  "time": "10:05:12"
 }
][
 {
  "type": "ask",
  "price": 724.69669,
  "amount": 4.93963484,
  "time": "10:05:37"
 }
][
 {
  "type": "ask",
  "price": 724.69673,
  "amount": 0.58979106,
  "time": "10:05:12"
 },
 {
  "type": "ask",
  "price": 724.69668,
  "amount": 3.6864825,
  "time": "10:04:53"
 },
 {
  "type": "bid",
  "price": 727.3922,
  "amount": 0.01774327,
  "time": "10:02:46"
 },
 {
  "type": "ask",
  "price": 724.69624,
  "amount": 6.51281599,
  "time": "10:02:44"
 },
 {
  "type": "ask",
  "price": 722,
  "amount": 1.29140113,
  "time": "10:02:16"
 },
 {
  "type": "ask",
  "price": 723.09977,
  "amount": 0.1142935,
  "time": "10:02:16"
 },
 {
  "type": "ask",
  "price": 724.13,
  "amount": 0.34524024,
  "time": "10:02:16"
 },
 {
  "type": "ask",
  "price": 724.313,
  "amount": 0.1,
  "time": "10:02:16"
 },
 {
  "type": "ask",
  "price": 724.314,
  "amount": 0.58467376,
  "time": "10:02:16"
 },
 {
  "type": "ask",
  "price": 725.8531,
  "amount": 3.6565659,
  "time": "10:01:11"
 }
][
 {
  "type": "ask",
  "price": 724.69669,
  "amount": 4.93963484,
  "time": "10:05:37"
 }
][
 {
  "type": "bid",
  "price": 727.39229,
  "amount": 0.1307037,
  "time": "10:08:26"
 }
][
 {
  "type": "ask",
  "price": 722,
  "amount": 0.04066357,
  "time": "10:08:27"
 },
 {
  "type": "ask",
  "price": 722.00001,
  "amount": 0.03094686,
  "time": "10:08:27"
 },
 {
  "type": "ask",
  "price": 722.001,
  "amount": 0.1,
  "time": "10:08:27"
 },
 {
  "type": "ask",
  "price": 722.00101,
  "amount": 0.12778957,
  "time": "10:08:27"
 }
][
 {
  "type": "ask",
  "price": 724.69615,
  "amount": 8.44933538,
  "time": "10:09:20"
 }
][
 {
  "type": "ask",
  "price": 724.69615,
  "amount": 1.93825688,
  "time": "10:11:02"
 }
][
 {
  "type": "ask",
  "price": 724.69615,
  "amount": 5.51617343,
  "time": "10:11:24"
 }
][
 {
  "type": "ask",
  "price": 724.69615,
  "amount": 3.27954764,
  "time": "10:13:11"
 }
][
 {
  "type": "ask",
  "price": 724.69615,
  "amount": 5.75557789,
  "time": "10:13:25"
 }
][
 {
  "type": "ask",
  "price": 724.69615,
  "amount": 7.11990695,
  "time": "10:13:49"
 }
][
 {
  "type": "ask",
  "price": 726.04419,
  "amount": 5.82540445,
  "time": "10:14:04"
 }
][
 {
  "type": "ask",
  "price": 726.04419,
  "amount": 0.55186593,
  "time": "10:15:10"
 }
][
 {
  "type": "bid",
  "price": 727.25,
  "amount": 0.42341163,
  "time": "10:16:00"
 }
][
 {
  "type": "bid",
  "price": 727.39229,
  "amount": 0.23707256,
  "time": "10:16:43"
 }
][
 {
  "type": "bid",
  "price": 727.51371,
  "amount": 0.1104955,
  "time": "10:16:47"
 }
][
 {
  "type": "ask",
  "price": 726.61442,
  "amount": 6.35434171,
  "time": "10:17:19"
 }
][
 {
  "type": "bid",
  "price": 728.53273,
  "amount": 0.1197358,
  "time": "10:18:11"
 }
][
 {
  "type": "ask",
  "price": 728.53273,
  "amount": 0.1802642,
  "time": "10:18:15"
 }
][
 {
  "type": "ask",
  "price": 726.61442,
  "amount": 5.20647644,
  "time": "10:18:34"
 }
][
 {
  "type": "ask",
  "price": 726.61442,
  "amount": 2.95511407,
  "time": "10:18:57"
 }
][
 {
  "type": "bid",
  "price": 728,
  "amount": 1.32940058,
  "time": "10:19:14"
 }
][
 {
  "type": "bid",
  "price": 728.53273,
  "amount": 0.1,
  "time": "10:20:19"
 }
][
 {
  "type": "ask",
  "price": 726.79805,
  "amount": 4.82079125,
  "time": "10:20:32"
 }
][
 {
  "type": "bid",
  "price": 728.9,
  "amount": 0.46310717,
  "time": "10:21:02"
 }
][
 {
  "type": "ask",
  "price": 727.31714,
  "amount": 8.45326698,
  "time": "10:21:11"
 }
][
 {
  "type": "bid",
  "price": 729.938,
  "amount": 0.36704555,
  "time": "10:23:25"
 },
 {
  "type": "ask",
  "price": 727.31714,
  "amount": 6.62102164,
  "time": "10:23:24"
 }
][
 {
  "type": "ask",
  "price": 727.31705,
  "amount": 5.91592454,
  "time": "10:23:49"
 }
][
 {
  "type": "bid",
  "price": 729.938,
  "amount": 0.23175445,
  "time": "10:23:59"
 }
][
 {
  "type": "ask",
  "price": 727.31714,
  "amount": 7.52128514,
  "time": "10:24:32"
 }
][
 {
  "type": "bid",
  "price": 729.93817,
  "amount": 0.36704555,
  "time": "10:24:52"
 }
][
 {
  "type": "ask",
  "price": 728.32899,
  "amount": 8.79155303,
  "time": "10:28:44"
 }
][
 {
  "type": "ask",
  "price": 728.32899,
  "amount": 1.88390593,
  "time": "10:29:30"
 }
][
 {
  "type": "bid",
  "price": 729.99,
  "amount": 0.92621087,
  "time": "10:29:37"
 }
][
 {
  "type": "bid",
  "price": 726.66798,
  "amount": 0.10179374,
  "time": "10:30:13"
 },
 {
  "type": "ask",
  "price": 726.66798,
  "amount": 0.36760626,
  "time": "10:30:12"
 }
][
 {
  "type": "ask",
  "price": 728.33399,
  "amount": 3.15493027,
  "time": "10:30:22"
 }
][
 {
  "type": "bid",
  "price": 730,
  "amount": 0.59486174,
  "time": "10:30:24"
 },
 {
  "type": "bid",
  "price": 730,
  "amount": 0.2,
  "time": "10:30:24"
 }
][
 {
  "type": "bid",
  "price": 730,
  "amount": 0.8982,
  "time": "10:30:32"
 },
 {
  "type": "bid",
  "price": 730,
  "amount": 3.11763826,
  "time": "10:30:32"
 }
][
 {
  "type": "bid",
  "price": 729.93817,
  "amount": 0.36686956,
  "time": "10:30:50"
 }
][
 {
  "type": "bid",
  "price": 730.01,
  "amount": 0.68588909,
  "time": "10:30:54"
 }
][
 {
  "type": "ask",
  "price": 728.33899,
  "amount": 3.24483935,
  "time": "10:31:16"
 }
][
 {
  "type": "ask",
  "price": 728.33899,
  "amount": 2.86836486,
  "time": "10:34:54"
 }
][
 {
  "type": "bid",
  "price": 730.01,
  "amount": 0.02856056,
  "time": "10:35:20"
 }
][
 {
  "type": "ask",
  "price": 728.33899,
  "amount": 1.3913595,
  "time": "10:35:44"
 }
][
 {
  "type": "ask",
  "price": 728.33899,
  "amount": 5.58704847,
  "time": "10:36:10"
 }
][
 {
  "type": "ask",
  "price": 728.33899,
  "amount": 0.91039611,
  "time": "10:37:05"
 }
][
 {
  "type": "bid",
  "price": 730.01,
  "amount": 0.31102392,
  "time": "10:37:47"
 }
][
 {
  "type": "bid",
  "price": 730.01,
  "amount": 0.31102392,
  "time": "10:37:50"
 }
][
 {
  "type": "bid",
  "price": 730.01,
  "amount": 0.16350251,
  "time": "10:38:01"
 }
][
 {
  "type": "bid",
  "price": 730.16265,
  "amount": 0.413,
  "time": "10:38:12"
 }
][
 {
  "type": "bid",
  "price": 730.3536,
  "amount": 0.1155439,
  "time": "10:38:14"
 }
][
 {
  "type": "bid",
  "price": 730.1526,
  "amount": 0.413,
  "time": "10:38:25"
 }
][
 {
  "type": "bid",
  "price": 730.49,
  "amount": 0.119481,
  "time": "10:38:34"
 }
][
 {
  "type": "bid",
  "price": 730.1325,
  "amount": 0.02961914,
  "time": "10:39:06"
 }
][
 {
  "type": "bid",
  "price": 730.93762,
  "amount": 0.04437788,
  "time": "10:39:11"
 }
][
 {
  "type": "bid",
  "price": 730.93762,
  "amount": 0.36862212,
  "time": "10:39:19"
 }
][
 {
  "type": "ask",
  "price": 730.133,
  "amount": 0.02,
  "time": "10:39:29"
 }
][
 {
  "type": "bid",
  "price": 730.133,
  "amount": 0.05668481,
  "time": "10:39:32"
 }
][
 {
  "type": "bid",
  "price": 730.133,
  "amount": 0.02331519,
  "time": "10:39:40"
 }
][
 {
  "type": "ask",
  "price": 728.56606,
  "amount": 1.78649759,
  "time": "10:40:05"
 }
][
 {
  "type": "bid",
  "price": 730.46415,
  "amount": 0.413,
  "time": "10:40:31"
 }
][
 {
  "type": "ask",
  "price": 728.8028,
  "amount": 9.51869207,
  "time": "10:42:08"
 }
][
 {
  "type": "ask",
  "price": 728.8028,
  "amount": 4.7363496,
  "time": "10:42:30"
 }
][
 {
  "type": "bid",
  "price": 728.8028,
  "amount": 9.70514413,
  "time": "10:45:19"
 }
][
 {
  "type": "bid",
  "price": 729.0588,
  "amount": 4.64440818,
  "time": "10:51:37"
 }
][
 {
  "type": "ask",
  "price": 726.66798,
  "amount": 0.36819642,
  "time": "10:55:09"
 }
][
 {
  "type": "bid",
  "price": 729.93817,
  "amount": 0.012008,
  "time": "10:55:36"
 },
 {
  "type": "bid",
  "price": 729.93817,
  "amount": 0.012008,
  "time": "10:55:36"
 }
][
 {
  "type": "bid",
  "price": 729.93817,
  "amount": 0.012008,
  "time": "10:55:37"
 },
 {
  "type": "bid",
  "price": 729.93817,
  "amount": 0.012008,
  "time": "10:55:37"
 },
 {
  "type": "bid",
  "price": 729.93817,
  "amount": 0.012008,
  "time": "10:55:36"
 }
][
 {
  "type": "ask",
  "price": 725.92214,
  "amount": 0.05,
  "time": "10:56:01"
 }
][
 {
  "type": "bid",
  "price": 727.87607,
  "amount": 3.67697101,
  "time": "10:56:57"
 }
][
 {
  "type": "ask",
  "price": 727.87607,
  "amount": 3.77261419,
  "time": "10:58:02"
 }
][
 {
  "type": "ask",
  "price": 724.62032,
  "amount": 0.04885895,
  "time": "10:58:21"
 },
 {
  "type": "ask",
  "price": 725.92214,
  "amount": 0.0805755,
  "time": "10:58:21"
 }
][
 {
  "type": "ask",
  "price": 727.36847,
  "amount": 3.62328736,
  "time": "10:58:53"
 }
][
 {
  "type": "bid",
  "price": 728,
  "amount": 0.01,
  "time": "11:00:38"
 }
][
 {
  "type": "ask",
  "price": 727.36847,
  "amount": 5.62209714,
  "time": "11:02:07"
 }
][
 {
  "type": "ask",
  "price": 727.36847,
  "amount": 3.01046954,
  "time": "11:02:25"
 }
][
 {
  "type": "ask",
  "price": 724.90695,
  "amount": 0.1031739,
  "time": "11:02:37"
 }
][
 {
  "type": "bid",
  "price": 724.90695,
  "amount": 0.21395556,
  "time": "11:02:38"
 }
][
 {
  "type": "ask",
  "price": 726.74568,
  "amount": 6.81892731,
  "time": "11:06:17"
 }
][
 {
  "type": "ask",
  "price": 726.74566,
  "amount": 9.05490793,
  "time": "11:07:09"
 }
][
 {
  "type": "ask",
  "price": 726.74566,
  "amount": 9.00162551,
  "time": "11:08:06"
 }
][
 {
  "type": "ask",
  "price": 726.74566,
  "amount": 5.20792301,
  "time": "11:09:09"
 }
][
 {
  "type": "ask",
  "price": 726.74566,
  "amount": 5.85613327,
  "time": "11:11:19"
 }
][
 {
  "type": "ask",
  "price": 726.74566,
  "amount": 7.23507895,
  "time": "11:12:29"
 }
][
 {
  "type": "ask",
  "price": 724.62032,
  "amount": 0.251,
  "time": "11:12:42"
 }
][
 {
  "type": "bid",
  "price": 726.74566,
  "amount": 8.92876054,
  "time": "11:12:51"
 }
][
 {
  "type": "ask",
  "price": 726.31016,
  "amount": 0.95420189,
  "time": "11:16:29"
 }
][
 {
  "type": "ask",
  "price": 726.31016,
  "amount": 4.17499492,
  "time": "11:16:49"
 }
][
 {
  "type": "ask",
  "price": 726.31016,
  "amount": 5.38356006,
  "time": "11:16:56"
 }
][
 {
  "type": "bid",
  "price": 727,
  "amount": 1,
  "time": "11:19:05"
 }
][
 {
  "type": "bid",
  "price": 727,
  "amount": 0.2,
  "time": "11:19:46"
 }
][
 {
  "type": "bid",
  "price": 728,
  "amount": 0.02706473,
  "time": "11:20:06"
 },
 {
  "type": "bid",
  "price": 728,
  "amount": 0.027944,
  "time": "11:20:06"
 }
][
 {
  "type": "ask",
  "price": 726.63378,
  "amount": 4.20428946,
  "time": "11:21:23"
 }
][
 {
  "type": "bid",
  "price": 728.19756,
  "amount": 0.91490986,
  "time": "11:21:35"
 }
][
 {
  "type": "bid",
  "price": 728.871,
  "amount": 0.04995763,
  "time": "11:22:11"
 }
][
 {
  "type": "ask",
  "price": 728.871,
  "amount": 10.95004237,
  "time": "11:22:16"
 }
][
 {
  "type": "bid",
  "price": 728.96947,
  "amount": 0.1197993,
  "time": "11:22:47"
 }
][
 {
  "type": "bid",
  "price": 729.93817,
  "amount": 0.30770253,
  "time": "11:23:17"
 }
][
 {
  "type": "ask",
  "price": 728.58395,
  "amount": 9.5931522,
  "time": "11:23:43"
 }
][
 {
  "type": "bid",
  "price": 730.49993,
  "amount": 0.1241887,
  "time": "11:23:53"
 }
][
 {
  "type": "bid",
  "price": 732,
  "amount": 0.22596621,
  "time": "11:25:00"
 },
 {
  "type": "bid",
  "price": 731.99899,
  "amount": 0.03417396,
  "time": "11:25:00"
 }
][
 {
  "type": "bid",
  "price": 732.25276,
  "amount": 0.1103736,
  "time": "11:25:13"
 }
][
 {
  "type": "bid",
  "price": 733.99308,
  "amount": 1.64290659,
  "time": "11:25:26"
 },
 {
  "type": "bid",
  "price": 733.8,
  "amount": 0.01349211,
  "time": "11:25:26"
 },
 {
  "type": "bid",
  "price": 733.8,
  "amount": 0.01,
  "time": "11:25:26"
 },
 {
  "type": "bid",
  "price": 733.62,
  "amount": 0.151032,
  "time": "11:25:26"
 },
 {
  "type": "bid",
  "price": 733.42,
  "amount": 0.027188,
  "time": "11:25:26"
 },
 {
  "type": "bid",
  "price": 733.41,
  "amount": 0.043063,
  "time": "11:25:26"
 },
 {
  "type": "bid",
  "price": 733.35165,
  "amount": 0.0844012,
  "time": "11:25:26"
 },
 {
  "type": "bid",
  "price": 732.49295,
  "amount": 0.37420393,
  "time": "11:25:26"
 }
][
 {
  "type": "ask",
  "price": 729.72177,
  "amount": 0.06246138,
  "time": "11:25:56"
 },
 {
  "type": "ask",
  "price": 729.72177,
  "amount": 0.22974381,
  "time": "11:25:54"
 }
][
 {
  "type": "ask",
  "price": 732.28726,
  "amount": 6.50477497,
  "time": "11:26:22"
 }
][
 {
  "type": "ask",
  "price": 733.587,
  "amount": 0.20716326,
  "time": "11:26:27"
 }
][
 {
  "type": "ask",
  "price": 733.587,
  "amount": 0.0360532,
  "time": "11:26:28"
 }
][
 {
  "type": "ask",
  "price": 733.587,
  "amount": 0.01378354,
  "time": "11:26:31"
 }
][
 {
  "type": "ask",
  "price": 733.587,
  "amount": 0.04573036,
  "time": "11:26:38"
 }
][
 {
  "type": "ask",
  "price": 733.587,
  "amount": 0.0356428,
  "time": "11:26:39"
 }
][
 {
  "type": "bid",
  "price": 734.23217,
  "amount": 0.0742966,
  "time": "11:26:44"
 }
][
 {
  "type": "ask",
  "price": 734.567,
  "amount": 0.0508534,
  "time": "11:26:47"
 }
][
 {
  "type": "ask",
  "price": 734.567,
  "amount": 0.0275684,
  "time": "11:26:49"
 }
][
 {
  "type": "ask",
  "price": 734.567,
  "amount": 0.2065782,
  "time": "11:26:51"
 }
][
 {
  "type": "ask",
  "price": 734.567,
  "amount": 0.09377745,
  "time": "11:26:57"
 }
][
 {
  "type": "ask",
  "price": 734.893,
  "amount": 0.07137862,
  "time": "11:27:08"
 }
][
 {
  "type": "bid",
  "price": 735.05667,
  "amount": 0.37345028,
  "time": "11:27:16"
 }
][
 {
  "type": "bid",
  "price": 735.33352,
  "amount": 0.0321575,
  "time": "11:27:23"
 }
][
 {
  "type": "ask",
  "price": 735.664,
  "amount": 0.336,
  "time": "11:27:28"
 },
 {
  "type": "bid",
  "price": 735.995,
  "amount": 0.01996,
  "time": "11:27:27"
 }
][
 {
  "type": "bid",
  "price": 736.73039,
  "amount": 0.0247152,
  "time": "11:27:32"
 }
][
 {
  "type": "ask",
  "price": 736.754,
  "amount": 0.0908043,
  "time": "11:27:38"
 },
 {
  "type": "ask",
  "price": 736.754,
  "amount": 0.040646,
  "time": "11:27:37"
 }
][
 {
  "type": "ask",
  "price": 736.754,
  "amount": 0.2005497,
  "time": "11:27:39"
 },
 {
  "type": "bid",
  "price": 737.19169,
  "amount": 9.21225214,
  "time": "11:27:39"
 }
][
 {
  "type": "ask",
  "price": 736.754,
  "amount": 0.03529057,
  "time": "11:27:50"
 },
 {
  "type": "ask",
  "price": 736.754,
  "amount": 0.06772798,
  "time": "11:27:48"
 }
][
 {
  "type": "ask",
  "price": 736.754,
  "amount": 0.033,
  "time": "11:27:52"
 }
][
 {
  "type": "ask",
  "price": 736.754,
  "amount": 0.18998145,
  "time": "11:27:53"
 }
][
 {
  "type": "ask",
  "price": 736.754,
  "amount": 0.06595789,
  "time": "11:27:59"
 }
][
 {
  "type": "ask",
  "price": 736.754,
  "amount": 0.05412842,
  "time": "11:28:01"
 }
][
 {
  "type": "ask",
  "price": 737.338,
  "amount": 0.07771334,
  "time": "11:28:09"
 }
][
 {
  "type": "ask",
  "price": 737.338,
  "amount": 0.0376755,
  "time": "11:28:14"
 }
][
 {
  "type": "bid",
  "price": 737.62937,
  "amount": 0.1,
  "time": "11:28:21"
 }
][
 {
  "type": "ask",
  "price": 737.61318,
  "amount": 1.07090577,
  "time": "11:28:30"
 }
][
 {
  "type": "ask",
  "price": 737.62419,
  "amount": 7.30451523,
  "time": "11:28:42"
 }
][
 {
  "type": "ask",
  "price": 737.628,
  "amount": 0.02022,
  "time": "11:28:56"
 }
][
 {
  "type": "bid",
  "price": 740,
  "amount": 0.03,
  "time": "11:29:29"
 },
 {
  "type": "bid",
  "price": 740,
  "amount": 0.5,
  "time": "11:29:29"
 },
 {
  "type": "bid",
  "price": 738.9999,
  "amount": 0.2,
  "time": "11:29:29"
 },
 {
  "type": "bid",
  "price": 738.999,
  "amount": 0.02,
  "time": "11:29:29"
 },
 {
  "type": "bid",
  "price": 738.999,
  "amount": 0.25,
  "time": "11:29:29"
 },
 {
  "type": "bid",
  "price": 737.68846,
  "amount": 0.0250202,
  "time": "11:29:29"
 },
 {
  "type": "bid",
  "price": 737.62937,
  "amount": 0.27186726,
  "time": "11:29:29"
 }
][
 {
  "type": "bid",
  "price": 740,
  "amount": 1.299,
  "time": "11:29:39"
 },
 {
  "type": "bid",
  "price": 740,
  "amount": 0.07,
  "time": "11:29:39"
 }
][
 {
  "type": "bid",
  "price": 740,
  "amount": 1.203454,
  "time": "11:29:40"
 }
][
 {
  "type": "bid",
  "price": 740.21108,
  "amount": 0.371454,
  "time": "11:29:43"
 },
 {
  "type": "bid",
  "price": 740,
  "amount": 0.997546,
  "time": "11:29:43"
 }
][
 {
  "type": "bid",
  "price": 740.21108,
  "amount": 1.9e-7,
  "time": "11:29:45"
 }
][
 {
  "type": "bid",
  "price": 740.3421,
  "amount": 0.01796401,
  "time": "11:30:28"
 }
][
 {
  "type": "bid",
  "price": 740.69373,
  "amount": 0.29781076,
  "time": "11:30:58"
 },
 {
  "type": "bid",
  "price": 740.69373,
  "amount": 0.042554,
  "time": "11:30:57"
 }
][
 {
  "type": "bid",
  "price": 742.80181,
  "amount": 0.22108115,
  "time": "11:31:18"
 },
 {
  "type": "bid",
  "price": 742.48509,
  "amount": 0.0202461,
  "time": "11:31:18"
 },
 {
  "type": "bid",
  "price": 741.11,
  "amount": 0.01893333,
  "time": "11:31:18"
 },
 {
  "type": "bid",
  "price": 741.1,
  "amount": 0.01964,
  "time": "11:31:18"
 }
][
 {
  "type": "ask",
  "price": 742.737,
  "amount": 0.1,
  "time": "11:31:47"
 }
][
 {
  "type": "ask",
  "price": 742.79091,
  "amount": 1.34827283,
  "time": "11:31:57"
 }
][
 {
  "type": "bid",
  "price": 743.4459,
  "amount": 0.011888,
  "time": "11:32:29"
 },
 {
  "type": "bid",
  "price": 742.80181,
  "amount": 0.14987793,
  "time": "11:32:27"
 }
][
 {
  "type": "ask",
  "price": 744.267,
  "amount": 0.114,
  "time": "11:32:37"
 },
 {
  "type": "bid",
  "price": 745,
  "amount": 0.01214,
  "time": "11:32:36"
 },
 {
  "type": "bid",
  "price": 745,
  "amount": 0.01214,
  "time": "11:32:36"
 }
][
 {
  "type": "ask",
  "price": 742.80181,
  "amount": 0.25681575,
  "time": "11:32:40"
 }
][
 {
  "type": "ask",
  "price": 744.267,
  "amount": 0.0218715,
  "time": "11:32:47"
 }
][
 {
  "type": "ask",
  "price": 744.267,
  "amount": 0.0851285,
  "time": "11:32:48"
 }
][
 {
  "type": "ask",
  "price": 744.267,
  "amount": 0.0653853,
  "time": "11:33:00"
 },
 {
  "type": "ask",
  "price": 744.267,
  "amount": 0.0346147,
  "time": "11:32:59"
 }
][
 {
  "type": "ask",
  "price": 744,
  "amount": 0.02124026,
  "time": "11:33:04"
 }
][
 {
  "type": "ask",
  "price": 744.667,
  "amount": 0.03111757,
  "time": "11:33:07"
 },
 {
  "type": "ask",
  "price": 744,
  "amount": 0.16005496,
  "time": "11:33:05"
 }
][
 {
  "type": "ask",
  "price": 744.667,
  "amount": 0.07088243,
  "time": "11:33:08"
 }
][
 {
  "type": "ask",
  "price": 744.667,
  "amount": 0.02,
  "time": "11:33:23"
 },
 {
  "type": "ask",
  "price": 744.889,
  "amount": 0.1,
  "time": "11:33:21"
 }
][
 {
  "type": "ask",
  "price": 744.267,
  "amount": 0.0122471,
  "time": "11:33:29"
 }
][
 {
  "type": "ask",
  "price": 744.756,
  "amount": 0.085,
  "time": "11:33:37"
 }
][
 {
  "type": "ask",
  "price": 744.756,
  "amount": 0.079,
  "time": "11:33:48"
 }
][
 {
  "type": "ask",
  "price": 744.756,
  "amount": 0.02,
  "time": "11:33:59"
 }
][
 {
  "type": "ask",
  "price": 744.756,
  "amount": 0.054,
  "time": "11:34:01"
 }
][
 {
  "type": "ask",
  "price": 744.756,
  "amount": 0.069,
  "time": "11:34:09"
 }
][
 {
  "type": "ask",
  "price": 744.756,
  "amount": 0.0348951,
  "time": "11:34:18"
 }
][
 {
  "type": "ask",
  "price": 744.756,
  "amount": 0.01718143,
  "time": "11:34:19"
 }
][
 {
  "type": "ask",
  "price": 744.919,
  "amount": 0.062,
  "time": "11:34:27"
 }
][
 {
  "type": "ask",
  "price": 744.919,
  "amount": 0.058,
  "time": "11:34:39"
 }
][
 {
  "type": "ask",
  "price": 744.267,
  "amount": 0.0687529,
  "time": "11:34:46"
 },
 {
  "type": "ask",
  "price": 744.756,
  "amount": 0.01192347,
  "time": "11:34:46"
 }
][
 {
  "type": "bid",
  "price": 744,
  "amount": 0.054,
  "time": "11:34:46"
 }
][
 {
  "type": "ask",
  "price": 743.405,
  "amount": 1.20465691,
  "time": "11:34:49"
 }
][
 {
  "type": "ask",
  "price": 743.601,
  "amount": 0.043,
  "time": "11:35:10"
 },
 {
  "type": "ask",
  "price": 743.867,
  "amount": 0.044,
  "time": "11:35:09"
 }
][
 {
  "type": "ask",
  "price": 742.80181,
  "amount": 0.499,
  "time": "11:35:12"
 }
][
 {
  "type": "ask",
  "price": 742.80181,
  "amount": 0.13456225,
  "time": "11:35:14"
 },
 {
  "type": "ask",
  "price": 743.601,
  "amount": 0.01996,
  "time": "11:35:14"
 }
][
 {
  "type": "ask",
  "price": 743.601,
  "amount": 0.038,
  "time": "11:35:18"
 }
][
 {
  "type": "ask",
  "price": 742.80181,
  "amount": 2.78150915,
  "time": "11:35:20"
 },
 {
  "type": "bid",
  "price": 745,
  "amount": 0.03668149,
  "time": "11:35:19"
 },
 {
  "type": "bid",
  "price": 744,
  "amount": 0.09331851,
  "time": "11:35:19"
 }
][
 {
  "type": "bid",
  "price": 743.9005,
  "amount": 2.21953192,
  "time": "11:35:24"
 }
][
 {
  "type": "ask",
  "price": 744.267,
  "amount": 0.036,
  "time": "11:35:30"
 }
][
 {
  "type": "bid",
  "price": 743.534,
  "amount": 3.7081414,
  "time": "11:35:35"
 }
][
 {
  "type": "ask",
  "price": 744.104,
  "amount": 0.035,
  "time": "11:35:48"
 }
][
 {
  "type": "ask",
  "price": 744.104,
  "amount": 0.03988,
  "time": "11:36:16"
 }
][
 {
  "type": "ask",
  "price": 742.8,
  "amount": 0.12234079,
  "time": "11:37:07"
 },
 {
  "type": "ask",
  "price": 742.801,
  "amount": 0.123,
  "time": "11:37:07"
 },
 {
  "type": "ask",
  "price": 743.778,
  "amount": 0.034,
  "time": "11:37:07"
 }
][
 {
  "type": "ask",
  "price": 743.5335,
  "amount": 4.52105389,
  "time": "11:37:31"
 }
][
 {
  "type": "ask",
  "price": 742.795,
  "amount": 0.14,
  "time": "11:37:32"
 },
 {
  "type": "ask",
  "price": 742.8,
  "amount": 0.00865921,
  "time": "11:37:32"
 }
][
 {
  "type": "ask",
  "price": 742.78,
  "amount": 0.04856295,
  "time": "11:37:35"
 }
][
 {
  "type": "bid",
  "price": 743.5235,
  "amount": 3.14120245,
  "time": "11:38:04"
 }
][
 {
  "type": "bid",
  "price": 744.267,
  "amount": 0.064,
  "time": "11:38:18"
 }
][
 {
  "type": "ask",
  "price": 743.89,
  "amount": 5.99961,
  "time": "11:39:45"
 }
][
 {
  "type": "ask",
  "price": 743.89,
  "amount": 8.867047,
  "time": "11:40:14"
 }
][
 {
  "type": "ask",
  "price": 743.38,
  "amount": 7.14757305,
  "time": "11:41:34"
 }
][
 {
  "type": "bid",
  "price": 743.98,
  "amount": 0.57032947,
  "time": "11:41:48"
 },
 {
  "type": "ask",
  "price": 743.38,
  "amount": 1.80192493,
  "time": "11:41:47"
 }
][
 {
  "type": "bid",
  "price": 743.98,
  "amount": 1.04337889,
  "time": "11:42:04"
 }
][
 {
  "type": "ask",
  "price": 743.38,
  "amount": 2.86070172,
  "time": "11:42:16"
 }
][
 {
  "type": "ask",
  "price": 742.78,
  "amount": 0.08183929,
  "time": "11:43:05"
 }
][
 {
  "type": "ask",
  "price": 742.78,
  "amount": 0.01959776,
  "time": "11:43:25"
 }
][
 {
  "type": "bid",
  "price": 742.78,
  "amount": 0.0647532,
  "time": "11:43:25"
 }
][
 {
  "type": "bid",
  "price": 743.98,
  "amount": 0.27949165,
  "time": "11:43:27"
 }
][
 {
  "type": "ask",
  "price": 743.8685,
  "amount": 6.42272264,
  "time": "11:43:37"
 }
][
 {
  "type": "ask",
  "price": 743.8685,
  "amount": 3.56325314,
  "time": "11:43:44"
 }
][
 {
  "type": "ask",
  "price": 740.962,
  "amount": 0.05933532,
  "time": "11:44:47"
 },
 {
  "type": "ask",
  "price": 741.054,
  "amount": 0.171,
  "time": "11:44:47"
 },
 {
  "type": "ask",
  "price": 741.58651,
  "amount": 0.03366468,
  "time": "11:44:47"
 },
 {
  "type": "ask",
  "price": 742.219,
  "amount": 0.161,
  "time": "11:44:47"
 },
 {
  "type": "ask",
  "price": 742.608,
  "amount": 0.166,
  "time": "11:44:47"
 },
 {
  "type": "ask",
  "price": 742.737,
  "amount": 0.059,
  "time": "11:44:47"
 }
][
 {
  "type": "bid",
  "price": 745,
  "amount": 0.59232585,
  "time": "11:44:50"
 }
][
 {
  "type": "bid",
  "price": 745,
  "amount": 0.010978,
  "time": "11:45:12"
 },
 {
  "type": "bid",
  "price": 745,
  "amount": 0.04531267,
  "time": "11:45:12"
 }
][
 {
  "type": "ask",
  "price": 744.08456,
  "amount": 7.87530375,
  "time": "11:47:14"
 }
][
 {
  "type": "ask",
  "price": 745,
  "amount": 0.14,
  "time": "11:47:26"
 }
][
 {
  "type": "ask",
  "price": 744.08456,
  "amount": 4.85472232,
  "time": "11:48:37"
 }
][
 {
  "type": "bid",
  "price": 744.08456,
  "amount": 0.3680768,
  "time": "11:48:39"
 }
][
 {
  "type": "bid",
  "price": 745.40162,
  "amount": 0.37085859,
  "time": "11:48:41"
 }
][
 {
  "type": "ask",
  "price": 744.18401,
  "amount": 7.87406335,
  "time": "11:49:14"
 }
][
 {
  "type": "bid",
  "price": 746.19752,
  "amount": 0.0176341,
  "time": "11:51:13"
 }
][
 {
  "type": "ask",
  "price": 744.53108,
  "amount": 7.76022636,
  "time": "11:51:21"
 }
][
 {
  "type": "bid",
  "price": 744.2322,
  "amount": 0.14672638,
  "time": "11:52:02"
 }
][
 {
  "type": "ask",
  "price": 743.53108,
  "amount": 3.09489419,
  "time": "11:53:02"
 }
][
 {
  "type": "ask",
  "price": 742.06216,
  "amount": 0.02,
  "time": "11:53:05"
 }
][
 {
  "type": "ask",
  "price": 742.06216,
  "amount": 0.10305399,
  "time": "11:53:19"
 }
][
 {
  "type": "ask",
  "price": 742.06216,
  "amount": 0.23769172,
  "time": "11:53:27"
 }
][
 {
  "type": "ask",
  "price": 743.00309,
  "amount": 2.62124472,
  "time": "11:53:45"
 },
 {
  "type": "ask",
  "price": 743.00309,
  "amount": 1.14770003,
  "time": "11:53:45"
 }
][
 {
  "type": "bid",
  "price": 743.00309,
  "amount": 0.64689658,
  "time": "11:53:47"
 }
][
 {
  "type": "bid",
  "price": 743.00309,
  "amount": 0.50080345,
  "time": "11:53:51"
 }
][
 {
  "type": "ask",
  "price": 743,
  "amount": 0.06159662,
  "time": "11:53:58"
 },
 {
  "type": "ask",
  "price": 743,
  "amount": 0.57863882,
  "time": "11:53:56"
 }
][
 {
  "type": "ask",
  "price": 743,
  "amount": 0.18179149,
  "time": "11:54:03"
 },
 {
  "type": "ask",
  "price": 743,
  "amount": 0.01701886,
  "time": "11:54:01"
 }
][
 {
  "type": "ask",
  "price": 743,
  "amount": 0.033,
  "time": "11:54:10"
 }
][
 {
  "type": "ask",
  "price": 743,
  "amount": 0.0527353,
  "time": "11:54:13"
 }
][
 {
  "type": "bid",
  "price": 745,
  "amount": 0.6200686,
  "time": "11:55:00"
 }
][
 {
  "type": "ask",
  "price": 744,
  "amount": 9.57172679,
  "time": "11:56:20"
 }
][
 {
  "type": "ask",
  "price": 743,
  "amount": 0.26864097,
  "time": "11:56:26"
 },
 {
  "type": "ask",
  "price": 743,
  "amount": 0.20970088,
  "time": "11:56:26"
 },
 {
  "type": "ask",
  "price": 743,
  "amount": 0.58501031,
  "time": "11:56:26"
 }
][
 {
  "type": "ask",
  "price": 743,
  "amount": 0.03364738,
  "time": "11:56:57"
 }
][
 {
  "type": "ask",
  "price": 741.00618,
  "amount": 0.1326552,
  "time": "11:57:32"
 }
][
 {
  "type": "ask",
  "price": 740.96347,
  "amount": 0.03373985,
  "time": "11:58:05"
 }
][
 {
  "type": "ask",
  "price": 739.474,
  "amount": 0.1,
  "time": "11:58:14"
 }
][
 {
  "type": "ask",
  "price": 739.45333,
  "amount": 0.1029857,
  "time": "11:58:19"
 },
 {
  "type": "ask",
  "price": 739.474,
  "amount": 0.26201319,
  "time": "11:58:18"
 }
][
 {
  "type": "ask",
  "price": 738.34531,
  "amount": 0.0890393,
  "time": "11:58:29"
 }
][
 {
  "type": "ask",
  "price": 737.532,
  "amount": 0.048851,
  "time": "11:58:31"
 }
][
 {
  "type": "bid",
  "price": 737.532,
  "amount": 0.051149,
  "time": "11:58:32"
 }
][
 {
  "type": "ask",
  "price": 737.45985,
  "amount": 0.0581378,
  "time": "11:58:56"
 }
][
 {
  "type": "ask",
  "price": 736.895,
  "amount": 0.1,
  "time": "11:59:26"
 }
][
 {
  "type": "bid",
  "price": 739.22888,
  "amount": 1.04361398,
  "time": "11:59:43"
 }
][
 {
  "type": "ask",
  "price": 737.45814,
  "amount": 0.03390023,
  "time": "11:59:54"
 }
][
 {
  "type": "ask",
  "price": 736.89486,
  "amount": 0.36317631,
  "time": "12:00:06"
 }
][
 {
  "type": "bid",
  "price": 736.89486,
  "amount": 0.0611051,
  "time": "12:00:10"
 },
 {
  "type": "bid",
  "price": 736.89486,
  "amount": 0.0388949,
  "time": "12:00:10"
 }
][
 {
  "type": "ask",
  "price": 738.21755,
  "amount": 5.41240735,
  "time": "12:00:36"
 }
][
 {
  "type": "ask",
