[
 {
  "type": "ask",
  "price": 935,
  "amount": 0.02293572,
  "time": "22:57:14"
 },
 {
  "type": "bid",
  "price": 935.05,
  "amount": 5.38053096,
  "time": "22:55:46"
 },
 {
  "type": "ask",
  "price": 935.05,
  "amount": 1.03091522,
  "time": "22:55:15"
 },
 {
  "type": "bid",
  "price": 935.4945,
  "amount": 7.08177378,
  "time": "22:54:51"
 },
 {
  "type": "bid",
  "price": 935.4945,
  "amount": 0.40441884,
  "time": "22:54:03"
 },
 {
  "type": "bid",
  "price": 935.4945,
  "amount": 2.23798812,
  "time": "22:53:48"
 },
 {
  "type": "ask",
  "price": 935.4945,
  "amount": 3.83422984,
  "time": "22:53:19"
 },
 {
  "type": "bid",
  "price": 935,
  "amount": 0.04151966,
  "time": "22:51:16"
 },
 {
  "type": "bid",
  "price": 935,
  "amount": 0.02784945,
  "time": "22:51:14"
 },
 {
  "type": "bid",
  "price": 935,
  "amount": 0.03063089,
  "time": "22:51:13"
 }
][
 {
  "type": "ask",
  "price": 935,
  "amount": 0.02293572,
  "time": "22:57:14"
 },
 {
  "type": "bid",
  "price": 935.05,
  "amount": 5.38053096,
  "time": "22:55:46"
 },
 {
  "type": "ask",
  "price": 935.05,
  "amount": 1.03091522,
  "time": "22:55:15"
 },
 {
  "type": "bid",
  "price": 935.4945,
  "amount": 7.08177378,
  "time": "22:54:51"
 },
 {
  "type": "bid",
  "price": 935.4945,
  "amount": 0.40441884,
  "time": "22:54:03"
 },
 {
  "type": "bid",
  "price": 935.4945,
  "amount": 2.23798812,
  "time": "22:53:48"
 },
 {
  "type": "ask",
  "price": 935.4945,
  "amount": 3.83422984,
  "time": "22:53:19"
 },
 {
  "type": "bid",
  "price": 935,
  "amount": 0.04151966,
  "time": "22:51:16"
 },
 {
  "type": "bid",
  "price": 935,
  "amount": 0.02784945,
  "time": "22:51:14"
 },
 {
  "type": "bid",
  "price": 935,
  "amount": 0.03063089,
  "time": "22:51:13"
 }
][
 {
  "type": "bid",
  "price": 935,
  "amount": 0.01520307,
  "time": "22:59:32"
 },
 {
  "type": "bid",
  "price": 934,
  "amount": 0.08895493,
  "time": "22:59:31"
 }
][
 {
  "type": "ask",
  "price": 933,
  "amount": 3.10446696,
  "time": "22:59:47"
 }
][
 {
  "type": "bid",
  "price": 935,
  "amount": 0.01520307,
  "time": "22:59:32"
 },
 {
  "type": "bid",
  "price": 934,
  "amount": 0.08895493,
  "time": "22:59:31"
 },
 {
  "type": "ask",
  "price": 935,
  "amount": 0.02293572,
  "time": "22:57:14"
 },
 {
  "type": "bid",
  "price": 935.05,
  "amount": 5.38053096,
  "time": "22:55:46"
 },
 {
  "type": "ask",
  "price": 935.05,
  "amount": 1.03091522,
  "time": "22:55:15"
 },
 {
  "type": "bid",
  "price": 935.4945,
  "amount": 7.08177378,
  "time": "22:54:51"
 },
 {
  "type": "bid",
  "price": 935.4945,
  "amount": 0.40441884,
  "time": "22:54:03"
 },
 {
  "type": "bid",
  "price": 935.4945,
  "amount": 2.23798812,
  "time": "22:53:48"
 },
 {
  "type": "ask",
  "price": 935.4945,
  "amount": 3.83422984,
  "time": "22:53:19"
 },
 {
  "type": "bid",
  "price": 935,
  "amount": 0.04151966,
  "time": "22:51:16"
 }
][
 {
  "type": "ask",
  "price": 933,
  "amount": 3.10446696,
  "time": "22:59:47"
 }
][
 {
  "type": "ask",
  "price": 937.75,
  "amount": 5.07540755,
  "time": "00:48:35"
 },
 {
  "type": "ask",
  "price": 937.75,
  "amount": 1.12528994,
  "time": "00:47:01"
 },
 {
  "type": "ask",
  "price": 937.75,
  "amount": 2.2746128,
  "time": "00:46:33"
 },
 {
  "type": "ask",
  "price": 937.75,
  "amount": 5.95205079,
  "time": "00:46:21"
 },
 {
  "type": "ask",
  "price": 937.75,
  "amount": 2.93256884,
  "time": "00:45:40"
 },
 {
  "type": "ask",
  "price": 937.75,
  "amount": 5.20273431,
  "time": "00:45:20"
 },
 {
  "type": "ask",
  "price": 937.75,
  "amount": 7.16344544,
  "time": "00:45:10"
 },
 {
  "type": "ask",
  "price": 937.555,
  "amount": 6.12972022,
  "time": "00:44:14"
 },
 {
  "type": "ask",
  "price": 937.555,
  "amount": 3.98917661,
  "time": "00:44:03"
 },
 {
  "type": "ask",
  "price": 939.999,
  "amount": 0.07614224,
  "time": "00:43:56"
 }
][
 {
  "type": "ask",
  "price": 935.5,
  "amount": 0.013972,
  "time": "00:51:24"
 }
][
 {
  "type": "ask",
  "price": 937.65,
  "amount": 1.0273808,
  "time": "00:51:52"
 }
][
 {
  "type": "bid",
  "price": 939.7,
  "amount": 0.13870574,
  "time": "00:52:12"
 }
][
 {
  "type": "bid",
  "price": 939.4,
  "amount": 0.32492,
  "time": "00:54:46"
 }
][
 {
  "type": "bid",
  "price": 939.6,
  "amount": 0.36002,
  "time": "00:54:52"
 },
 {
  "type": "bid",
  "price": 939.5,
  "amount": 0.34202,
  "time": "00:54:50"
 }
][
 {
  "type": "bid",
  "price": 939.8,
  "amount": 0.34605,
  "time": "00:54:53"
 },
 {
  "type": "bid",
  "price": 939.7,
  "amount": 0.24026426,
  "time": "00:54:52"
 }
][
 {
  "type": "bid",
  "price": 940.07763,
  "amount": 0.10684318,
  "time": "00:54:56"
 },
 {
  "type": "bid",
  "price": 940,
  "amount": 2.06162646,
  "time": "00:54:55"
 },
 {
  "type": "bid",
  "price": 939.9,
  "amount": 0.36427,
  "time": "00:54:54"
 }
][
 {
  "type": "bid",
  "price": 939.8,
  "amount": 0.30867,
  "time": "00:54:57"
 }
][
 {
  "type": "bid",
  "price": 940.26832,
  "amount": 0.04054271,
  "time": "00:54:59"
 },
 {
  "type": "bid",
  "price": 940.18805,
  "amount": 0.10683063,
  "time": "00:54:58"
 }
][
 {
  "type": "bid",
  "price": 940.68664,
  "amount": 0.28246802,
  "time": "00:55:37"
 },
 {
  "type": "bid",
  "price": 940.68664,
  "amount": 0.27852267,
  "time": "00:55:37"
 }
][
 {
  "type": "bid",
  "price": 940.58664,
  "amount": 0.29324,
  "time": "00:55:41"
 }
][
 {
  "type": "bid",
  "price": 940.9,
  "amount": 0.24326611,
  "time": "00:56:27"
 }
][
 {
  "type": "ask",
  "price": 938.98,
  "amount": 1.56754718,
  "time": "00:59:20"
 }
][
 {
  "type": "ask",
  "price": 939.18,
  "amount": 3.80213786,
  "time": "01:01:03"
 }
][
 {
  "type": "bid",
  "price": 939.49,
  "amount": 5.64500347,
  "time": "01:02:04"
 }
][
 {
  "type": "bid",
  "price": 939.44,
  "amount": 7.08429345,
  "time": "01:02:46"
 }
][
 {
  "type": "bid",
  "price": 939.44,
  "amount": 2.18191343,
  "time": "01:03:21"
 }
][
 {
  "type": "bid",
  "price": 939.9,
  "amount": 0.11,
  "time": "01:03:37"
 }
][
 {
  "type": "ask",
  "price": 938.67376,
  "amount": 6.58086556,
  "time": "01:04:24"
 }
][
 {
  "type": "bid",
  "price": 938.67376,
  "amount": 1.66499659,
  "time": "01:06:03"
 }
][
 {
  "type": "bid",
  "price": 938.62376,
  "amount": 2.49410796,
  "time": "01:06:22"
 }
][
 {
  "type": "bid",
  "price": 938.57376,
  "amount": 4.97186462,
  "time": "01:06:57"
 }
][
 {
  "type": "bid",
  "price": 938.42376,
  "amount": 3.03181049,
  "time": "01:08:37"
 }
][
 {
  "type": "ask",
  "price": 937.44752,
  "amount": 0.10667264,
  "time": "01:09:34"
 }
][
 {
  "type": "ask",
  "price": 937.22376,
  "amount": 1.81367603,
  "time": "01:10:14"
 }
][
 {
  "type": "ask",
  "price": 937.22376,
  "amount": 1.04459904,
  "time": "01:10:22"
 }
][
 {
  "type": "bid",
  "price": 937.44752,
  "amount": 0.14689327,
  "time": "01:11:10"
 }
][
 {
  "type": "ask",
  "price": 937,
  "amount": 5.95669511,
  "time": "01:11:15"
 }
][
 {
  "type": "ask",
  "price": 937.5,
  "amount": 0.17228559,
  "time": "01:12:14"
 }
][
 {
  "type": "bid",
  "price": 938.5,
  "amount": 0.70099466,
  "time": "01:13:32"
 }
][
 {
  "type": "bid",
  "price": 938.5,
  "amount": 1.31801253,
  "time": "01:13:49"
 }
][
 {
  "type": "bid",
  "price": 938.5,
  "amount": 6.92673376,
  "time": "01:14:28"
 }
][
 {
  "type": "bid",
  "price": 938.45,
  "amount": 4.53464351,
  "time": "01:14:55"
 }
][
 {
  "type": "bid",
  "price": 938.45,
  "amount": 2.71288673,
  "time": "01:15:19"
 }
][
 {
  "type": "ask",
  "price": 937.5,
  "amount": 0.0653,
  "time": "01:17:30"
 }
][
 {
  "type": "ask",
  "price": 938.4,
  "amount": 1.82780404,
  "time": "01:18:09"
 }
][
 {
  "type": "ask",
  "price": 938.35,
  "amount": 5.65147616,
  "time": "01:18:51"
 }
][
 {
  "type": "ask",
  "price": 938.25,
  "amount": 0.80330131,
  "time": "01:19:56"
 }
][
 {
  "type": "ask",
  "price": 938.4,
  "amount": 7.01551953,
  "time": "01:21:18"
 }
][
 {
  "type": "bid",
  "price": 939.4,
  "amount": 0.46212,
  "time": "01:23:18"
 }
][
 {
  "type": "bid",
  "price": 939.2,
  "amount": 0.06168084,
  "time": "01:25:16"
 }
][
 {
  "type": "bid",
  "price": 938.35,
  "amount": 5.20809592,
  "time": "01:25:20"
 }
][
 {
  "type": "bid",
  "price": 938.35,
  "amount": 3.77567442,
  "time": "01:25:44"
 }
][
 {
  "type": "bid",
  "price": 938.35,
  "amount": 0.8086086,
  "time": "01:25:50"
 }
][
 {
  "type": "bid",
  "price": 938.3,
  "amount": 6.1084472,
  "time": "01:26:40"
 }
][
 {
  "type": "bid",
  "price": 938.25,
  "amount": 3.53901307,
  "time": "01:26:47"
 }
][
 {
  "type": "bid",
  "price": 938.45,
  "amount": 5.17947384,
  "time": "01:28:04"
 }
][
 {
  "type": "bid",
  "price": 938.4,
  "amount": 3.38672323,
  "time": "01:28:37"
 }
][
 {
  "type": "bid",
  "price": 938.3,
  "amount": 6.8580103,
  "time": "01:30:08"
 }
][
 {
  "type": "bid",
  "price": 938.75,
  "amount": 3.16206465,
  "time": "01:30:39"
 }
][
 {
  "type": "ask",
  "price": 938,
  "amount": 0.25096549,
  "time": "01:31:50"
 }
][
 {
  "type": "bid",
  "price": 939.3,
  "amount": 0.365833,
  "time": "01:31:56"
 }
][
 {
  "type": "bid",
  "price": 938.6,
  "amount": 6.40238482,
  "time": "01:32:42"
 }
][
 {
  "type": "bid",
  "price": 938.55,
  "amount": 6.30637464,
  "time": "01:33:23"
 }
][
 {
  "type": "bid",
  "price": 938.5,
  "amount": 2.56610872,
  "time": "01:33:50"
 }
][
 {
  "type": "bid",
  "price": 938.45,
  "amount": 2.22923158,
  "time": "01:34:42"
 }
][
 {
  "type": "bid",
  "price": 938.39995,
  "amount": 5.20708618,
  "time": "01:35:21"
 }
][
 {
  "type": "bid",
  "price": 938.39995,
  "amount": 2.49298134,
  "time": "01:35:55"
 }
][
 {
  "type": "bid",
  "price": 938.6999,
  "amount": 0.101343,
  "time": "01:36:17"
 }
][
 {
  "type": "ask",
  "price": 938.34995,
  "amount": 4.71749738,
  "time": "01:36:40"
 }
][
 {
  "type": "bid",
  "price": 938.4999,
  "amount": 0.2520155,
  "time": "01:37:31"
 }
][
 {
  "type": "ask",
  "price": 938.24995,
  "amount": 6.61793366,
  "time": "01:37:35"
 }
][
 {
  "type": "bid",
  "price": 938.4999,
  "amount": 0.1844845,
  "time": "01:37:51"
 }
][
 {
  "type": "ask",
  "price": 938.4999,
  "amount": 0.19435142,
  "time": "01:38:05"
 }
][
 {
  "type": "bid",
  "price": 938.4999,
  "amount": 0.11266289,
  "time": "01:38:13"
 }
][
 {
  "type": "bid",
  "price": 938.4999,
  "amount": 0.025351,
  "time": "01:38:32"
 }
][
 {
  "type": "bid",
  "price": 938.3999,
  "amount": 0.1,
  "time": "01:38:54"
 }
][
 {
  "type": "bid",
  "price": 938.3999,
  "amount": 0.1,
  "time": "01:39:18"
 }
][
 {
  "type": "bid",
  "price": 938.2999,
  "amount": 0.1,
  "time": "01:39:38"
 }
][
 {
  "type": "bid",
  "price": 938.2999,
  "amount": 0.07486304,
  "time": "01:39:50"
 }
][
 {
  "type": "bid",
  "price": 938.2999,
  "amount": 0.0414448,
  "time": "01:39:57"
 }
][
 {
  "type": "ask",
  "price": 937.89995,
  "amount": 4.9119426,
  "time": "01:40:10"
 }
][
 {
  "type": "bid",
  "price": 938.2999,
  "amount": 0.08959752,
  "time": "01:40:33"
 },
 {
  "type": "bid",
  "price": 938.2999,
  "amount": 0.03605573,
  "time": "01:40:32"
 },
 {
  "type": "bid",
  "price": 938.25,
  "amount": 0.12187643,
  "time": "01:40:32"
 }
][
 {
  "type": "ask",
  "price": 937.89995,
  "amount": 4.51642985,
  "time": "01:40:45"
 }
][
 {
  "type": "ask",
  "price": 937.8999,
  "amount": 6.02865026,
  "time": "01:41:15"
 }
][
 {
  "type": "bid",
  "price": 938.2998,
  "amount": 0.02,
  "time": "01:41:22"
 }
][
 {
  "type": "bid",
  "price": 938.2999,
  "amount": 0.03227891,
  "time": "01:41:23"
 }
][
 {
  "type": "bid",
  "price": 938.3999,
  "amount": 0.19394,
  "time": "01:41:26"
 }
][
 {
  "type": "ask",
  "price": 937.83,
  "amount": 0.01903147,
  "time": "01:41:47"
 }
][
 {
  "type": "bid",
  "price": 938.3999,
  "amount": 0.03371487,
  "time": "01:41:50"
 },
 {
  "type": "bid",
  "price": 938.3999,
  "amount": 0.03371487,
  "time": "01:41:49"
 }
][
 {
  "type": "bid",
  "price": 938.3999,
  "amount": 0.12189097,
  "time": "01:41:54"
 },
 {
  "type": "bid",
  "price": 938.3998,
  "amount": 0.02,
  "time": "01:41:53"
 }
][
 {
  "type": "bid",
  "price": 938.3999,
  "amount": 0.03760883,
  "time": "01:41:56"
 }
][
 {
  "type": "bid",
  "price": 938.3999,
  "amount": 0.08773391,
  "time": "01:41:59"
 },
 {
  "type": "bid",
  "price": 938.3999,
  "amount": 0.02729299,
  "time": "01:41:57"
 }
][
 {
  "type": "bid",
  "price": 938.2999,
  "amount": 0.28669495,
  "time": "01:42:29"
 }
][
 {
  "type": "bid",
  "price": 938.2999,
  "amount": 0.14672505,
  "time": "01:42:31"
 }
][
 {
  "type": "bid",
  "price": 937.94995,
  "amount": 1.26334047,
  "time": "01:42:37"
 }
][
 {
  "type": "bid",
  "price": 938.3999,
  "amount": 0.01980641,
  "time": "01:42:45"
 }
][
 {
  "type": "bid",
  "price": 938.3999,
  "amount": 0.03709806,
  "time": "01:42:51"
 }
][
 {
  "type": "bid",
  "price": 938.3999,
  "amount": 0.05736909,
  "time": "01:42:59"
 }
][
 {
  "type": "bid",
  "price": 938.5999,
  "amount": 0.1017969,
  "time": "01:43:16"
 },
 {
  "type": "bid",
  "price": 938.4999,
  "amount": 0.00000511,
  "time": "01:43:16"
 },
 {
  "type": "bid",
  "price": 938.4999,
  "amount": 0.08229958,
  "time": "01:43:16"
 }
][
 {
  "type": "bid",
  "price": 938.5999,
  "amount": 0.01786673,
  "time": "01:43:21"
 }
][
 {
  "type": "bid",
  "price": 938.5999,
  "amount": 0.33980637,
  "time": "01:43:31"
 }
][
 {
  "type": "bid",
  "price": 938.6999,
  "amount": 0.382307,
  "time": "01:43:34"
 }
][
 {
  "type": "bid",
  "price": 938.7999,
  "amount": 0.32594047,
  "time": "01:43:45"
 }
][
 {
  "type": "bid",
  "price": 938.7999,
  "amount": 0.18316953,
  "time": "01:43:50"
 }
][
 {
  "type": "bid",
  "price": 938.8999,
  "amount": 0.02,
  "time": "01:44:26"
 }
][
 {
  "type": "bid",
  "price": 939.5,
  "amount": 0.01942227,
  "time": "01:44:42"
 }
][
 {
  "type": "bid",
  "price": 938.49995,
  "amount": 1.01564912,
  "time": "01:47:06"
 }
][
 {
  "type": "bid",
  "price": 938.44995,
  "amount": 5.07724155,
  "time": "01:47:54"
 }
][
 {
  "type": "bid",
  "price": 938.39995,
  "amount": 1.93874048,
  "time": "01:48:26"
 }
][
 {
  "type": "bid",
  "price": 938.29994,
  "amount": 2.79438805,
  "time": "01:49:48"
 }
][
 {
  "type": "bid",
  "price": 938.29995,
  "amount": 2.96476055,
  "time": "01:50:00"
 }
][
 {
  "type": "bid",
  "price": 938.24995,
  "amount": 5.09444211,
  "time": "01:50:05"
 }
][
 {
  "type": "ask",
  "price": 937.5,
  "amount": 0.6133128,
  "time": "01:50:09"
 }
][
 {
  "type": "bid",
  "price": 938.49995,
  "amount": 1.10438198,
  "time": "01:50:24"
 }
][
 {
  "type": "bid",
  "price": 938.49995,
  "amount": 0.83209183,
  "time": "01:50:34"
 }
][
 {
  "type": "ask",
  "price": 937.5,
  "amount": 0.07186054,
  "time": "01:51:12"
 }
][
 {
  "type": "ask",
  "price": 936.47228,
  "amount": 0.07186054,
  "time": "01:51:15"
 },
 {
  "type": "ask",
  "price": 936.47228,
  "amount": 0.08222106,
  "time": "01:51:13"
 },
 {
  "type": "ask",
  "price": 937,
  "amount": 1.74330489,
  "time": "01:51:13"
 },
 {
  "type": "ask",
  "price": 937.5,
  "amount": 0.13524107,
  "time": "01:51:13"
 }
][
 {
  "type": "ask",
  "price": 936.47228,
  "amount": 0.12490658,
  "time": "01:51:16"
 }
][
 {
  "type": "bid",
  "price": 939.2501,
  "amount": 0.023985,
  "time": "01:52:25"
 },
 {
  "type": "bid",
  "price": 939.2501,
  "amount": 0.02,
  "time": "01:52:25"
 }
][
 {
  "type": "bid",
  "price": 936.48352,
  "amount": 5.27069681,
  "time": "01:53:20"
 }
][
 {
  "type": "bid",
  "price": 936.28343,
  "amount": 2.85379296,
  "time": "01:56:08"
 }
][
 {
  "type": "bid",
  "price": 936.28343,
  "amount": 6.53103801,
  "time": "01:56:33"
 }
][
 {
  "type": "ask",
  "price": 935.95848,
  "amount": 2.30241645,
  "time": "01:56:40"
 }
][
 {
  "type": "ask",
  "price": 935.95848,
  "amount": 2.75938757,
  "time": "01:56:54"
 }
][
 {
  "type": "ask",
  "price": 935.95848,
  "amount": 0.69101595,
  "time": "01:56:57"
 }
][
 {
  "type": "bid",
  "price": 937.9999,
  "amount": 0.02,
  "time": "01:57:49"
 }
][
 {
  "type": "bid",
  "price": 936.28343,
  "amount": 6.27885456,
  "time": "01:57:59"
 }
][
 {
  "type": "bid",
  "price": 936.28337,
  "amount": 2.33224865,
  "time": "01:58:31"
 }
][
 {
  "type": "ask",
  "price": 933.91695,
  "amount": 0.04281469,
  "time": "01:59:08"
 }
][
 {
  "type": "ask",
  "price": 933.91695,
  "amount": 0.24329206,
  "time": "01:59:19"
 }
][
 {
  "type": "ask",
  "price": 933.91695,
  "amount": 0.0718227,
  "time": "01:59:27"
 }
][
 {
  "type": "bid",
  "price": 935.80848,
  "amount": 1.42520592,
  "time": "01:59:55"
 }
][
 {
  "type": "ask",
  "price": 933.91695,
  "amount": 0.04873611,
  "time": "02:00:09"
 }
][
 {
  "type": "bid",
  "price": 935.80847,
  "amount": 3.21175403,
  "time": "02:00:46"
 }
][
 {
  "type": "bid",
  "price": 936,
  "amount": 0.2,
  "time": "02:00:48"
 }
][
 {
  "type": "ask",
  "price": 935.81499,
  "amount": 4.60019005,
  "time": "02:01:41"
 }
][
 {
  "type": "bid",
  "price": 935.81499,
  "amount": 4.49577107,
  "time": "02:02:52"
 }
][
 {
  "type": "ask",
  "price": 935.81349,
  "amount": 0.53783262,
  "time": "02:04:08"
 }
][
 {
  "type": "bid",
  "price": 935.81349,
  "amount": 0.10913543,
  "time": "02:04:09"
 }
][
 {
  "type": "ask",
  "price": 935.81349,
  "amount": 5.8836912,
  "time": "02:04:14"
 }
][
 {
  "type": "bid",
  "price": 935.81349,
  "amount": 5.63871917,
  "time": "02:07:26"
 }
][
 {
  "type": "bid",
  "price": 935.44292,
  "amount": 4.86272358,
  "time": "02:07:54"
 }
][
 {
  "type": "ask",
  "price": 933.91695,
  "amount": 0.17248613,
  "time": "02:08:17"
 },
 {
  "type": "ask",
  "price": 933.927,
  "amount": 0.010021,
  "time": "02:08:17"
 }
][
 {
  "type": "bid",
  "price": 936.9588,
  "amount": 0.02,
  "time": "02:10:17"
 }
][
 {
  "type": "ask",
  "price": 936.28337,
  "amount": 4.91819297,
  "time": "02:10:33"
 }
][
 {
  "type": "ask",
  "price": 936.08333,
  "amount": 2.32091919,
  "time": "02:12:48"
 }
][
 {
  "type": "ask",
  "price": 935.65843,
  "amount": 4.31481075,
  "time": "02:18:21"
 }
][
 {
  "type": "bid",
  "price": 938.2497,
  "amount": 0.24401422,
  "time": "02:19:40"
 },
 {
  "type": "bid",
  "price": 938.2497,
  "amount": 0.04255408,
  "time": "02:19:40"
 },
 {
  "type": "bid",
  "price": 938.2468,
  "amount": 0.10064939,
  "time": "02:19:40"
 },
 {
  "type": "bid",
  "price": 938.1497,
  "amount": 0.62931,
  "time": "02:19:40"
 },
 {
  "type": "bid",
  "price": 938.0497,
  "amount": 0.59784,
  "time": "02:19:40"
 },
 {
  "type": "bid",
  "price": 937.5,
  "amount": 0.3796106,
  "time": "02:19:40"
 },
 {
  "type": "bid",
  "price": 937.5,
  "amount": 1.2213978,
  "time": "02:19:40"
 },
 {
  "type": "bid",
  "price": 937.5,
  "amount": 0.84184905,
  "time": "02:19:40"
 },
 {
  "type": "bid",
  "price": 937.5,
  "amount": 1.25667322,
  "time": "02:19:40"
 },
 {
  "type": "bid",
  "price": 937.5,
  "amount": 0.24401421,
  "time": "02:19:40"
 }
][
 {
  "type": "ask",
  "price": 936.08333,
  "amount": 5.25795004,
  "time": "02:19:42"
 }
][
 {
  "type": "ask",
  "price": 936.03985,
  "amount": 6.21519566,
  "time": "02:20:03"
 }
][
 {
  "type": "ask",
  "price": 936.40995,
  "amount": 4.91929378,
  "time": "02:20:43"
 }
][
 {
  "type": "ask",
  "price": 936.40995,
  "amount": 6.82893333,
  "time": "02:20:51"
 }
][
 {
  "type": "ask",
  "price": 937.23995,
  "amount": 4.00986574,
  "time": "02:23:07"
 }
][
 {
  "type": "ask",
  "price": 934.48,
  "amount": 0.0206463,
  "time": "02:25:12"
 }
][
 {
  "type": "bid",
  "price": 936.71851,
  "amount": 3.5711497,
  "time": "02:25:28"
 }
][
 {
  "type": "ask",
  "price": 933.91695,
  "amount": 0.20752788,
  "time": "02:25:33"
 },
 {
  "type": "ask",
  "price": 933.92,
  "amount": 0.29457949,
  "time": "02:25:33"
 }
][
 {
  "type": "ask",
  "price": 933.91695,
  "amount": 0.0887807,
  "time": "02:25:35"
 }
][
 {
  "type": "bid",
  "price": 936.71699,
  "amount": 4.71887384,
  "time": "02:25:41"
 }
][
 {
  "type": "ask",
  "price": 933.91695,
  "amount": 0.12453973,
  "time": "02:25:43"
 }
][
 {
  "type": "bid",
  "price": 939.51702,
  "amount": 0.32424005,
  "time": "02:25:48"
 }
][
 {
  "type": "ask",
  "price": 933.72566,
  "amount": 0.01683289,
  "time": "02:26:10"
 }
][
 {
  "type": "bid",
  "price": 936.77563,
  "amount": 3.52859074,
  "time": "02:27:31"
 }
][
 {
  "type": "ask",
  "price": 933.72566,
  "amount": 0.03099206,
  "time": "02:27:53"
 }
][
 {
  "type": "ask",
  "price": 933.72566,
  "amount": 0.04730594,
  "time": "02:27:54"
 }
][
 {
  "type": "bid",
  "price": 936.56668,
  "amount": 3.07023372,
  "time": "02:28:56"
 }
][
 {
  "type": "bid",
  "price": 936.56663,
  "amount": 0.94940402,
  "time": "02:29:18"
 }
][
 {
  "type": "bid",
  "price": 936.53288,
  "amount": 0.42601249,
  "time": "02:30:38"
 }
][
 {
  "type": "bid",
  "price": 936.32897,
  "amount": 4.61692109,
  "time": "02:31:18"
 }
][
 {
  "type": "ask",
  "price": 936.32897,
  "amount": 4.5790968,
  "time": "02:32:13"
 }
][
 {
  "type": "ask",
  "price": 936.53288,
  "amount": 5.61756605,
  "time": "02:33:39"
 }
][
 {
  "type": "ask",
  "price": 936.53288,
  "amount": 4.92984446,
  "time": "02:34:21"
 }
][
 {
  "type": "ask",
  "price": 936.48288,
  "amount": 4.56235151,
  "time": "02:35:52"
 }
][
 {
  "type": "ask",
  "price": 936.43288,
  "amount": 5.33615731,
  "time": "02:36:57"
 }
][
 {
  "type": "ask",
  "price": 936.43288,
  "amount": 2.84354028,
  "time": "02:37:12"
 }
][
 {
  "type": "ask",
  "price": 936.43288,
  "amount": 2.17876437,
  "time": "02:37:30"
 }
][
 {
  "type": "ask",
  "price": 936.43288,
  "amount": 4.99794518,
  "time": "02:38:36"
 }
][
 {
  "type": "ask",
  "price": 936.38288,
  "amount": 4.15930326,
  "time": "02:39:14"
 }
][
 {
  "type": "ask",
  "price": 936.33288,
  "amount": 1.49092571,
  "time": "02:39:39"
 }
][
 {
  "type": "ask",
  "price": 936.53288,
  "amount": 0.85926617,
  "time": "02:40:33"
 }
][
 {
  "type": "bid",
  "price": 939.2401,
  "amount": 0.047583,
  "time": "02:41:03"
 }
][
 {
  "type": "ask",
  "price": 936.48288,
  "amount": 3.1444756,
  "time": "02:41:38"
 }
][
 {
  "type": "ask",
  "price": 936.43288,
  "amount": 2.34741466,
  "time": "02:41:56"
 }
][
 {
  "type": "ask",
  "price": 936.33288,
  "amount": 6.51864972,
  "time": "02:43:35"
 }
][
 {
  "type": "bid",
  "price": 938.8401,
  "amount": 0.097641,
  "time": "02:45:45"
 }
][
 {
  "type": "ask",
  "price": 936.29005,
  "amount": 6.81856942,
  "time": "02:46:14"
 }
][
 {
  "type": "bid",
  "price": 938.9401,
  "amount": 0.52809,
  "time": "02:46:25"
 },
 {
  "type": "bid",
  "price": 938.8401,
  "amount": 0.404039,
  "time": "02:46:24"
 }
][
 {
  "type": "bid",
  "price": 939.0401,
  "amount": 0.55588,
  "time": "02:46:26"
 }
][
 {
  "type": "bid",
  "price": 939.1401,
  "amount": 0.58514,
  "time": "02:46:28"
 }
][
 {
  "type": "bid",
  "price": 939.2401,
  "amount": 0.27904784,
  "time": "02:46:31"
 }
][
 {
  "type": "bid",
  "price": 939.2401,
  "amount": 0.19076803,
  "time": "02:46:39"
 }
][
 {
  "type": "bid",
  "price": 939.2401,
  "amount": 0.09854113,
  "time": "02:46:43"
 }
][
 {
  "type": "bid",
  "price": 939.3401,
  "amount": 0.02,
  "time": "02:46:44"
 }
][
 {
  "type": "bid",
  "price": 940.4999,
  "amount": 0.01651718,
  "time": "02:50:09"
 }
][
 {
  "type": "ask",
  "price": 938.19295,
  "amount": 3.29232183,
  "time": "02:51:40"
 }
][
 {
  "type": "ask",
  "price": 938.19295,
  "amount": 1.59106787,
  "time": "02:52:56"
 }
][
 {
  "type": "ask",
  "price": 938.19295,
  "amount": 3.64697001,
  "time": "02:53:36"
 }
][
 {
  "type": "ask",
  "price": 938.19295,
  "amount": 0.76079515,
  "time": "02:54:19"
 }
][
 {
  "type": "bid",
  "price": 939.99,
  "amount": 0.011,
  "time": "02:54:50"
 }
][
 {
  "type": "ask",
  "price": 938.20496,
  "amount": 1.64694813,
  "time": "02:55:02"
 }
][
 {
  "type": "ask",
  "price": 938.20496,
  "amount": 6.35998473,
  "time": "02:55:24"
 }
][
 {
  "type": "ask",
  "price": 938.20496,
  "amount": 3.47545338,
  "time": "02:56:44"
 }
][
 {
  "type": "ask",
  "price": 938.20496,
  "amount": 6.07514146,
  "time": "02:57:16"
 }
][
 {
  "type": "ask",
  "price": 938.20496,
  "amount": 4.62814841,
  "time": "02:58:43"
 }
][
 {
  "type": "ask",
  "price": 938.20496,
  "amount": 1.79906086,
  "time": "03:00:16"
 }
][
 {
  "type": "ask",
  "price": 938.20496,
  "amount": 6.38780649,
  "time": "03:00:28"
 }
][
 {
  "type": "ask",
  "price": 938.20496,
  "amount": 3.4501518,
  "time": "03:02:07"
 }
][
 {
  "type": "ask",
  "price": 938.20496,
  "amount": 5.95486853,
  "time": "03:03:15"
 }
][
 {
  "type": "ask",
  "price": 938.25815,
  "amount": 1.87838169,
  "time": "03:04:43"
 }
][
 {
  "type": "ask",
  "price": 938.25815,
  "amount": 5.65809228,
  "time": "03:05:02"
 }
][
 {
  "type": "ask",
  "price": 938.25815,
  "amount": 2.36661896,
  "time": "03:05:27"
 }
][
 {
  "type": "ask",
  "price": 938.25815,
  "amount": 2.22439525,
  "time": "03:05:36"
 }
][
 {
  "type": "ask",
  "price": 938.25815,
  "amount": 3.51293493,
  "time": "03:07:00"
 }
][
 {
  "type": "ask",
  "price": 938.2482,
  "amount": 2.58359417,
  "time": "03:08:11"
 }
][
 {
  "type": "ask",
  "price": 938.24815,
  "amount": 5.26646012,
  "time": "03:09:05"
 }
][
 {
  "type": "ask",
  "price": 938.24815,
  "amount": 5.12906461,
  "time": "03:09:45"
 }
][
 {
  "type": "ask",
  "price": 938.24815,
  "amount": 3.33011088,
  "time": "03:11:56"
 }
][
 {
  "type": "ask",
  "price": 938.24815,
  "amount": 2.5845818,
  "time": "03:12:41"
 }
][
 {
  "type": "bid",
  "price": 940.48,
  "amount": 0.74289852,
  "time": "03:13:40"
 },
 {
  "type": "bid",
  "price": 940.4799,
  "amount": 0.38057773,
  "time": "03:13:40"
 },
 {
  "type": "bid",
  "price": 940.4799,
  "amount": 0.02,
  "time": "03:13:40"
 }
][
 {
  "type": "ask",
  "price": 938.19501,
  "amount": 3.6635723,
  "time": "03:14:19"
 }
][
 {
  "type": "ask",
  "price": 938.19501,
  "amount": 1.55548285,
  "time": "03:15:43"
 }
][
 {
  "type": "ask",
  "price": 938.19501,
  "amount": 1.8589121,
  "time": "03:16:20"
 },
 {
  "type": "bid",
  "price": 940.48,
  "amount": 0.27774646,
  "time": "03:16:19"
 }
][
 {
  "type": "bid",
  "price": 940.48,
  "amount": 0.403858,
  "time": "03:16:38"
 }
][
 {
  "type": "bid",
  "price": 940.48,
  "amount": 0.2569385,
  "time": "03:16:41"
 }
][
 {
  "type": "bid",
  "price": 940.48,
  "amount": 0.07328074,
  "time": "03:16:42"
 }
][
 {
  "type": "bid",
  "price": 940.4999,
  "amount": 0.00348282,
  "time": "03:16:46"
 }
][
 {
  "type": "ask",
  "price": 938.30332,
  "amount": 2.0056466,
  "time": "03:17:04"
 }
][
 {
  "type": "bid",
  "price": 940.68664,
  "amount": 0.27977666,
  "time": "03:17:06"
 }
][
 {
  "type": "ask",
  "price": 938.73614,
  "amount": 5.70313158,
  "time": "03:18:23"
 }
][
 {
  "type": "ask",
  "price": 938.73614,
  "amount": 4.75989857,
  "time": "03:18:33"
 }
][
 {
  "type": "ask",
  "price": 938.73614,
  "amount": 5.51449312,
  "time": "03:18:47"
 }
][
 {
  "type": "ask",
  "price": 938.73609,
  "amount": 5.87528453,
  "time": "03:19:32"
 }
][
 {
  "type": "ask",
  "price": 938.73609,
  "amount": 1.47692117,
  "time": "03:19:35"
 }
][
 {
  "type": "ask",
  "price": 938.73604,
  "amount": 5.99299255,
  "time": "03:20:55"
 }
][
 {
  "type": "bid",
  "price": 940.9998,
  "amount": 0.02,
  "time": "03:21:55"
 }
][
 {
  "type": "bid",
  "price": 941,
  "amount": 1,
  "time": "03:21:56"
 },
 {
  "type": "bid",
  "price": 941,
  "amount": 0.09980001,
  "time": "03:21:56"
 },
 {
  "type": "bid",
  "price": 940.9999,
  "amount": 0.495,
  "time": "03:21:55"
 }
][
 {
  "type": "bid",
  "price": 941.02292,
  "amount": 0.0482072,
  "time": "03:21:57"
 }
][
 {
  "type": "ask",
  "price": 939.20894,
  "amount": 7.03929662,
  "time": "03:22:41"
 }
][
 {
  "type": "bid",
  "price": 941.94561,
  "amount": 0.04256984,
  "time": "03:24:13"
 }
][
 {
  "type": "ask",
  "price": 939.21648,
  "amount": 3.01811914,
  "time": "03:25:53"
 }
][
 {
  "type": "ask",
  "price": 939.215,
  "amount": 2.30367436,
  "time": "03:26:39"
 }
][
 {
  "type": "ask",
  "price": 939.21501,
  "amount": 0.97335108,
  "time": "03:27:12"
 }
][
 {
  "type": "ask",
  "price": 939.21501,
  "amount": 2.11657356,
  "time": "03:30:22"
 }
][
 {
  "type": "ask",
  "price": 939.21495,
  "amount": 4.10517912,
  "time": "03:32:24"
 }
][
 {
  "type": "ask",
  "price": 939.21495,
  "amount": 0.40438501,
  "time": "03:32:37"
 }
][
 {
  "type": "ask",
  "price": 939.21495,
  "amount": 6.94031243,
  "time": "03:32:58"
 }
][
 {
  "type": "ask",
  "price": 939.21495,
  "amount": 7.08056776,
  "time": "03:33:49"
 }
][
 {
  "type": "bid",
  "price": 941.9499,
  "amount": 0.02,
  "time": "03:33:53"
 }
][
 {
  "type": "ask",
  "price": 939.215,
  "amount": 5.64076246,
  "time": "03:34:42"
 }
][
 {
  "type": "ask",
  "price": 940.203,
  "amount": 2.23819106,
  "time": "03:37:02"
 }
][
 {
  "type": "bid",
  "price": 941.95,
  "amount": 0.05037769,
  "time": "03:37:26"
 }
][
 {
  "type": "bid",
  "price": 941.95296,
  "amount": 0.06446082,
  "time": "03:37:44"
 }
][
 {
  "type": "bid",
  "price": 938.89,
  "amount": 0.02,
  "time": "03:38:08"
 },
 {
  "type": "bid",
  "price": 942.3093,
  "amount": 0.4766,
  "time": "03:38:06"
 }
][
 {
  "type": "bid",
  "price": 938.89,
  "amount": 0.08,
  "time": "03:38:09"
 }
][
 {
  "type": "bid",
  "price": 942.4094,
  "amount": 0.10049918,
  "time": "03:38:11"
 },
 {
  "type": "bid",
  "price": 942.4093,
  "amount": 0.02,
  "time": "03:38:10"
 }
][
 {
  "type": "bid",
  "price": 942.70425,
  "amount": 0.0104789,
  "time": "03:38:14"
 }
][
 {
  "type": "bid",
  "price": 938.89,
  "amount": 0.0104789,
  "time": "03:38:16"
 },
 {
  "type": "ask",
  "price": 942.70425,
  "amount": 0.0895211,
  "time": "03:38:15"
 }
][
 {
  "type": "bid",
  "price": 942.76384,
  "amount": 0.042883,
  "time": "03:38:28"
 }
][
 {
  "type": "bid",
  "price": 942.89,
  "amount": 0.0206463,
  "time": "03:38:31"
 }
][
 {
  "type": "bid",
  "price": 942.99889,
  "amount": 0.0331739,
  "time": "03:38:37"
 }
][
 {
  "type": "bid",
  "price": 943.3675,
  "amount": 0.1,
  "time": "03:39:14"
 }
][
 {
  "type": "ask",
  "price": 943.15875,
  "amount": 0.67217163,
  "time": "03:39:17"
 }
][
 {
  "type": "ask",
  "price": 940.62,
  "amount": 1.78319208,
  "time": "03:39:49"
 },
 {
  "type": "ask",
  "price": 942.89,
  "amount": 0.0793537,
  "time": "03:39:49"
 },
 {
  "type": "ask",
  "price": 942.95,
  "amount": 0.0222651,
  "time": "03:39:49"
 }
][
 {
  "type": "ask",
  "price": 942.03675,
  "amount": 4.48831377,
  "time": "03:40:27"
 }
][
 {
  "type": "ask",
  "price": 942.03675,
  "amount": 1.92367282,
  "time": "03:40:31"
 }
][
 {
  "type": "ask",
  "price": 942.03675,
  "amount": 6.00078363,
  "time": "03:40:49"
 }
][
 {
  "type": "ask",
  "price": 942.03675,
  "amount": 6.89527437,
  "time": "03:41:01"
 }
][
 {
  "type": "ask",
  "price": 942.04375,
  "amount": 2.85970504,
  "time": "03:41:39"
 }
][
 {
  "type": "bid",
  "price": 943.3675,
  "amount": 0.1,
  "time": "03:42:14"
 }
][
 {
  "type": "bid",
  "price": 943.3675,
  "amount": 0.1,
  "time": "03:42:30"
 }
][
 {
  "type": "bid",
  "price": 943.3675,
  "amount": 0.18449709,
  "time": "03:42:45"
 }
][
 {
  "type": "bid",
  "price": 943.3675,
  "amount": 0.04747818,
  "time": "03:42:47"
 },
 {
  "type": "bid",
  "price": 943.3675,
  "amount": 0.01579473,
  "time": "03:42:47"
 }
][
 {
  "type": "ask",
  "price": 943.3675,
  "amount": 0.05252182,
  "time": "03:42:50"
 }
][
 {
  "type": "bid",
  "price": 943.3675,
  "amount": 0.0876892,
  "time": "03:42:56"
 }
][
 {
  "type": "ask",
  "price": 942.97525,
  "amount": 2.69959435,
  "time": "03:43:11"
 }
][
 {
  "type": "bid",
  "price": 943.3675,
  "amount": 0.1,
  "time": "03:43:14"
 }
][
 {
  "type": "bid",
  "price": 943.2675,
  "amount": 0.1,
  "time": "03:43:37"
 }
][
 {
  "type": "bid",
  "price": 943.2675,
  "amount": 0.0677203,
  "time": "03:43:53"
 }
][
 {
  "type": "bid",
  "price": 943.2675,
  "amount": 0.15408873,
  "time": "03:43:54"
 }
][
 {
  "type": "bid",
  "price": 943.2675,
  "amount": 0.08230097,
  "time": "03:43:57"
 }
][
 {
  "type": "bid",
  "price": 943.3675,
  "amount": 0.13054544,
  "time": "03:44:13"
 }
][
 {
  "type": "bid",
  "price": 943.2675,
  "amount": 0.278251,
  "time": "03:44:16"
 },
 {
  "type": "bid",
  "price": 943.2675,
  "amount": 0.0469035,
  "time": "03:44:15"
 },
 {
  "type": "ask",
  "price": 943.2675,
  "amount": 0.01769903,
  "time": "03:44:14"
 }
][
 {
  "type": "ask",
  "price": 942.92525,
  "amount": 3.83170557,
  "time": "03:44:17"
 }
][
 {
  "type": "bid",
  "price": 943.2675,
  "amount": 0.04105647,
  "time": "03:44:46"
 }
][
 {
  "type": "bid",
  "price": 943.3675,
  "amount": 0.05462354,
  "time": "03:44:54"
 }
][
 {
  "type": "ask",
  "price": 943.3675,
  "amount": 0.02,
  "time": "03:44:57"
 }
][
 {
  "type": "ask",
  "price": 943.3675,
  "amount": 0.01332048,
  "time": "03:45:06"
 }
][
 {
  "type": "bid",
  "price": 943.97904,
  "amount": 0.25544088,
  "time": "03:45:10"
 },
 {
  "type": "bid",
  "price": 943.81,
  "amount": 0.0266741,
  "time": "03:45:10"
 },
 {
  "type": "bid",
  "price": 943.79,
  "amount": 0.0267274,
  "time": "03:45:10"
 },
 {
  "type": "bid",
  "price": 943.66332,
  "amount": 0.04469833,
  "time": "03:45:10"
 },
 {
  "type": "bid",
  "price": 943.46753,
  "amount": 0.10645929,
  "time": "03:45:10"
 },
 {
  "type": "bid",
  "price": 943.4675,
  "amount": 0.02,
  "time": "03:45:10"
 },
 {
  "type": "bid",
  "price": 943.4675,
  "amount": 0.02,
  "time": "03:45:10"
 }
][
 {
  "type": "bid",
  "price": 944,
  "amount": 0.46682267,
  "time": "03:45:12"
 },
 {
  "type": "bid",
  "price": 943.9999,
  "amount": 0.01,
  "time": "03:45:12"
 },
 {
  "type": "bid",
  "price": 943.97904,
  "amount": 0.02317733,
  "time": "03:45:12"
 }
][
 {
  "type": "ask",
  "price": 943.68375,
  "amount": 7.11946159,
  "time": "03:45:16"
 },
 {
  "type": "bid",
  "price": 944,
  "amount": 0.5,
  "time": "03:45:15"
 }
][
 {
  "type": "ask",
  "price": 943.68375,
  "amount": 3.31991981,
  "time": "03:45:19"
 },
 {
  "type": "bid",
  "price": 944,
  "amount": 0.16682267,
  "time": "03:45:19"
 },
 {
  "type": "bid",
  "price": 944,
  "amount": 0.33317733,
  "time": "03:45:19"
 }
][
 {
  "type": "bid",
  "price": 944.36653,
  "amount": 0.10936729,
  "time": "03:45:21"
 },
 {
  "type": "bid",
  "price": 944,
  "amount": 0.05745538,
  "time": "03:45:21"
 },
 {
  "type": "bid",
  "price": 944,
  "amount": 0.33317733,
  "time": "03:45:21"
 }
][
 {
  "type": "bid",
  "price": 944.841,
  "amount": 0.15016079,
  "time": "03:45:24"
 },
 {
  "type": "bid",
  "price": 944.8,
  "amount": 0.01,
  "time": "03:45:24"
 },
 {
  "type": "bid",
  "price": 944.69648,
  "amount": 0.0483145,
  "time": "03:45:24"
 },
 {
  "type": "bid",
  "price": 944.36653,
  "amount": 0.29152471,
  "time": "03:45:24"
 }
][
 {
  "type": "bid",
  "price": 945,
  "amount": 0.32253242,
  "time": "03:45:30"
 },
 {
  "type": "bid",
  "price": 944.841,
  "amount": 0.01064491,
  "time": "03:45:30"
 }
][
 {
  "type": "bid",
  "price": 945,
  "amount": 0.44116228,
  "time": "03:45:33"
 },
 {
  "type": "bid",
  "price": 945,
  "amount": 0.03992,
  "time": "03:45:33"
 },
 {
  "type": "bid",
  "price": 945,
  "amount": 0.01891772,
  "time": "03:45:33"
 }
][
 {
  "type": "bid",
  "price": 945,
  "amount": 0.5,
  "time": "03:45:35"
 }
][
 {
  "type": "bid",
  "price": 945,
  "amount": 0.13529,
  "time": "03:45:39"
 },
 {
  "type": "bid",
  "price": 944.9,
  "amount": 0.36471,
  "time": "03:45:39"
 }
][
 {
  "type": "bid",
  "price": 945,
  "amount": 0.5,
  "time": "03:45:41"
 }
][
 {
  "type": "bid",
  "price": 945,
  "amount": 0.5,
  "time": "03:45:43"
 }
][
 {
  "type": "bid",
  "price": 945,
  "amount": 0.5,
  "time": "03:45:46"
 }
][
 {
  "type": "bid",
  "price": 945,
  "amount": 0.5,
  "time": "03:45:49"
 }
][
 {
  "type": "bid",
  "price": 945,
  "amount": 0.48,
  "time": "03:45:51"
 },
 {
  "type": "bid",
  "price": 944.9999,
  "amount": 0.02,
  "time": "03:45:51"
 }
][
 {
  "type": "bid",
  "price": 945.41,
  "amount": 0.19350995,
  "time": "03:45:53"
 },
 {
  "type": "bid",
  "price": 945,
  "amount": 0.12894233,
  "time": "03:45:53"
 },
 {
  "type": "bid",
  "price": 945,
  "amount": 0.15754772,
  "time": "03:45:53"
 },
 {
  "type": "bid",
  "price": 944.9999,
  "amount": 0.02,
  "time": "03:45:53"
 }
][
 {
  "type": "bid",
  "price": 945.41,
  "amount": 0.5,
  "time": "03:45:56"
 }
][
 {
  "type": "bid",
  "price": 945.41,
  "amount": 0.5,
  "time": "03:45:58"
 }
][
 {
  "type": "bid",
  "price": 945.41,
  "amount": 0.5,
  "time": "03:46:01"
 }
][
 {
  "type": "bid",
  "price": 945.98555,
  "amount": 0.00176597,
  "time": "03:46:04"
 },
 {
  "type": "bid",
  "price": 945.92524,
  "amount": 0.0736894,
  "time": "03:46:04"
 },
 {
  "type": "bid",
  "price": 945.76,
  "amount": 0.054264,
  "time": "03:46:04"
 },
 {
  "type": "bid",
  "price": 945.42345,
  "amount": 0.04693325,
  "time": "03:46:04"
 },
 {
  "type": "bid",
  "price": 945.41,
  "amount": 0.32334738,
  "time": "03:46:04"
 }
][
 {
  "type": "bid",
  "price": 946,
  "amount": 0.34567887,
  "time": "03:46:08"
 },
 {
  "type": "bid",
  "price": 945.98555,
  "amount": 0.15432113,
  "time": "03:46:08"
 },
 {
  "type": "ask",
  "price": 944.67652,
  "amount": 6.32959124,
  "time": "03:46:08"
 }
][
 {
  "type": "bid",
  "price": 946,
  "amount": 0.5,
  "time": "03:46:11"
 }
][
 {
  "type": "ask",
  "price": 945.82,
  "amount": 0.01459177,
  "time": "03:46:17"
 }
][
 {
  "type": "ask",
  "price": 945.82,
  "amount": 0.01445917,
  "time": "03:46:18"
 }
][
 {
  "type": "ask",
  "price": 945.85,
  "amount": 0.01445917,
  "time": "03:46:22"
 }
][
 {
  "type": "ask",
  "price": 945.85,
  "amount": 0.09384775,
  "time": "03:46:25"
 }
][
 {
  "type": "ask",
  "price": 945.85,
  "amount": 0.01445917,
  "time": "03:46:26"
 }
][
 {
  "type": "ask",
  "price": 945.85,
  "amount": 0.0145905,
  "time": "03:46:29"
 },
 {
  "type": "ask",
  "price": 945.85,
  "amount": 0.01445917,
  "time": "03:46:28"
 }
][
 {
  "type": "ask",
  "price": 945.85,
  "amount": 0.01445917,
  "time": "03:46:31"
 }
][
 {
  "type": "ask",
  "price": 945.85,
  "amount": 0.01445917,
  "time": "03:46:32"
 }
][
 {
  "type": "ask",
  "price": 945.85,
  "amount": 0.01445917,
  "time": "03:46:34"
 }
][
 {
  "type": "ask",
  "price": 945.85,
  "amount": 0.01459177,
  "time": "03:46:37"
 },
 {
  "type": "ask",
  "price": 945.85,
  "amount": 0.01445917,
  "time": "03:46:36"
 }
][
 {
  "type": "ask",
  "price": 945.85,
  "amount": 0.03451253,
  "time": "03:46:39"
 }
][
 {
  "type": "ask",
  "price": 945.85,
  "amount": 0.01445917,
  "time": "03:46:40"
 }
][
 {
  "type": "ask",
  "price": 945.85,
  "amount": 0.01445917,
  "time": "03:46:43"
 },
 {
  "type": "ask",
  "price": 945.85,
  "amount": 0.01445917,
  "time": "03:46:41"
 }
][
 {
  "type": "ask",
  "price": 945.85,
  "amount": 0.01445917,
  "time": "03:46:44"
 }
][
 {
  "type": "ask",
  "price": 945.85,
  "amount": 0.01171848,
  "time": "03:46:47"
 },
 {
  "type": "ask",
  "price": 945.85,
  "amount": 0.01445917,
  "time": "03:46:46"
 }
][
 {
  "type": "ask",
  "price": 945.85,
  "amount": 0.01719987,
  "time": "03:46:49"
 }
][
 {
  "type": "ask",
  "price": 945.85,
  "amount": 0.01459188,
  "time": "03:46:51"
 },
 {
  "type": "ask",
  "price": 945.85,
  "amount": 0.01445917,
  "time": "03:46:50"
 }
][
 {
  "type": "ask",
  "price": 945.85,
  "amount": 0.01445917,
  "time": "03:46:53"
 }
][
 {
  "type": "ask",
  "price": 945.85,
  "amount": 0.01445917,
  "time": "03:46:55"
 },
 {
  "type": "ask",
  "price": 945.875,
  "amount": 2.14264112,
  "time": "03:46:54"
 },
 {
  "type": "ask",
  "price": 945.875,
  "amount": 0.03451253,
  "time": "03:46:54"
 }
][
 {
  "type": "ask",
  "price": 945.9,
  "amount": 0.01445844,
  "time": "03:47:01"
 },
 {
  "type": "bid",
  "price": 945.9,
  "amount": 0.34648,
  "time": "03:46:59"
 },
 {
  "type": "bid",
  "price": 945.875,
  "amount": 0.03451253,
  "time": "03:46:59"
 }
][
 {
  "type": "ask",
  "price": 945.9,
  "amount": 0.01458976,
  "time": "03:47:03"
 }
][
 {
  "type": "ask",
  "price": 945.9,
  "amount": 0.32915,
  "time": "03:47:05"
 },
 {
  "type": "ask",
  "price": 945.9,
  "amount": 0.01445844,
  "time": "03:47:04"
 }
][
 {
  "type": "ask",
  "price": 945.9,
  "amount": 0.01445844,
  "time": "03:47:06"
 },
 {
  "type": "ask",
  "price": 945.9,
  "amount": 0.04,
  "time": "03:47:06"
 }
][
 {
  "type": "ask",
  "price": 945.9,
  "amount": 0.01445844,
  "time": "03:47:09"
 }
][
 {
  "type": "ask",
  "price": 945.9,
  "amount": 0.05337652,
  "time": "03:47:23"
 }
][
 {
  "type": "ask",
  "price": 945.9,
  "amount": 0.01772,
  "time": "03:47:32"
 }
][
 {
  "type": "ask",
  "price": 945.9,
  "amount": 0.02040382,
  "time": "03:47:35"
 },
 {
  "type": "ask",
  "price": 945.9,
  "amount": 0.01642441,
  "time": "03:47:34"
 }
][
 {
  "type": "ask",
  "price": 945.9,
  "amount": 0.02931954,
  "time": "03:47:39"
 },
 {
  "type": "ask",
  "price": 945.9,
  "amount": 0.01133392,
  "time": "03:47:38"
 }
][
 {
  "type": "ask",
  "price": 945.9,
  "amount": 0.25057923,
  "time": "03:47:41"
 }
][
 {
  "type": "ask",
  "price": 945.86,
  "amount": 0.00835826,
  "time": "03:47:44"
 },
 {
  "type": "ask",
  "price": 945.9,
  "amount": 1.39981651,
  "time": "03:47:44"
 }
][
 {
  "type": "bid",
  "price": 945.88,
  "amount": 5.04916565,
  "time": "03:48:06"
 }
][
 {
  "type": "ask",
  "price": 945.86,
  "amount": 0.03255053,
  "time": "03:48:21"
 }
][
 {
  "type": "bid",
  "price": 945.88,
  "amount": 2.56816978,
  "time": "03:48:22"
 }
][
 {
  "type": "ask",
  "price": 945.86,
  "amount": 0.29706,
  "time": "03:48:31"
 }
][
 {
  "type": "bid",
  "price": 945.88,
  "amount": 6.0712162,
  "time": "03:48:44"
 }
][
 {
  "type": "bid",
  "price": 945.8,
  "amount": 0.013,
  "time": "03:49:19"
 }
][
 {
  "type": "bid",
  "price": 945.7,
  "amount": 0.07529719,
  "time": "03:50:08"
 }
][
 {
  "type": "ask",
  "price": 945.243,
  "amount": 3.31262683,
  "time": "03:50:33"
 }
][
 {
  "type": "ask",
  "price": 945.243,
  "amount": 6.14030844,
  "time": "03:50:47"
 }
][
 {
  "type": "bid",
  "price": 945.23795,
  "amount": 2.50008547,
  "time": "03:51:49"
 }
][
 {
  "type": "bid",
  "price": 945,
  "amount": 0.06091153,
  "time": "03:52:34"
 }
][
 {
  "type": "bid",
  "price": 944.9,
  "amount": 0.27875,
  "time": "03:53:18"
 }
][
 {
  "type": "bid",
  "price": 945,
  "amount": 0.06818876,
  "time": "03:53:21"
 },
 {
  "type": "bid",
  "price": 945,
  "amount": 0.27395,
  "time": "03:53:20"
 }
][
 {
  "type": "bid",
  "price": 945,
  "amount": 0.5,
  "time": "03:53:48"
 }
][
 {
  "type": "bid",
  "price": 945,
  "amount": 0.5,
  "time": "03:53:50"
 },
 {
  "type": "bid",
  "price": 945,
  "amount": 0.5,
  "time": "03:53:49"
 },
 {
  "type": "bid",
  "price": 945,
  "amount": 0.06094014,
  "time": "03:53:49"
 }
][
 {
  "type": "bid",
  "price": 945,
  "amount": 0.5,
  "time": "03:54:04"
 }
][
 {
  "type": "bid",
  "price": 945,
  "amount": 0.5,
  "time": "03:54:06"
 }
][
 {
  "type": "bid",
  "price": 945,
  "amount": 0.5,
  "time": "03:54:08"
 },
 {
  "type": "bid",
  "price": 945,
  "amount": 0.5,
  "time": "03:54:07"
 }
][
 {
  "type": "ask",
  "price": 944.486,
  "amount": 0.02717983,
  "time": "03:54:41"
 }
][
 {
  "type": "bid",
  "price": 944.693,
  "amount": 3.41183041,
  "time": "03:54:56"
 }
][
 {
  "type": "bid",
  "price": 944.593,
  "amount": 1.13523381,
  "time": "03:56:09"
 }
][
 {
  "type": "bid",
  "price": 944.593,
  "amount": 4.25679288,
  "time": "03:56:50"
 }
][
 {
  "type": "bid",
  "price": 944.593,
  "amount": 6.2875264,
  "time": "03:57:41"
 }
][
 {
  "type": "bid",
  "price": 944.593,
  "amount": 1.43753498,
  "time": "03:58:52"
 }
][
 {
  "type": "ask",
  "price": 944.486,
  "amount": 0.12982017,
  "time": "03:59:10"
 }
][
 {
  "type": "ask",
  "price": 943.92675,
  "amount": 1.45696961,
  "time": "03:59:15"
 }
][
 {
  "type": "bid",
  "price": 944.486,
  "amount": 0.38576783,
  "time": "03:59:44"
 }
][
 {
  "type": "bid",
  "price": 944.486,
  "amount": 0.019549,
  "time": "03:59:47"
 }
][
 {
  "type": "bid",
  "price": 944.486,
  "amount": 0.01182223,
  "time": "04:00:18"
 }
][
 {
  "type": "bid",
  "price": 944.4,
  "amount": 0.18,
  "time": "04:01:07"
 },
 {
  "type": "bid",
  "price": 944.3999,
  "amount": 0.02,
  "time": "04:01:07"
 }
][
 {
  "type": "ask",
  "price": 943.3675,
  "amount": 0.01205598,
  "time": "04:02:03"
 }
][
 {
  "type": "ask",
  "price": 943.2825,
  "amount": 3.69565288,
  "time": "04:02:23"
 }
][
 {
  "type": "bid",
  "price": 943.2825,
  "amount": 5.61165711,
  "time": "04:03:03"
 }
][
 {
  "type": "bid",
  "price": 944.4,
  "amount": 0.8297045,
  "time": "04:03:27"
 }
][
 {
  "type": "ask",
  "price": 944.4,
  "amount": 0.46047268,
  "time": "04:03:29"
 }
][
 {
  "type": "bid",
  "price": 944.443,
  "amount": 0.80297791,
  "time": "04:03:44"
 }
][
 {
  "type": "bid",
  "price": 944.443,
  "amount": 1.61584299,
  "time": "04:04:18"
 }
][
 {
  "type": "ask",
  "price": 944.4,
  "amount": 0.27949,
  "time": "04:04:23"
 }
][
 {
  "type": "bid",
  "price": 944.486,
  "amount": 2,
  "time": "04:04:25"
 }
][
 {
  "type": "bid",
  "price": 944.486,
  "amount": 0.1,
  "time": "04:04:31"
 },
 {
  "type": "ask",
  "price": 944.4,
  "amount": 0.11604118,
  "time": "04:04:30"
 }
][
 {
  "type": "ask",
  "price": 944.4,
  "amount": 0.26551,
  "time": "04:05:04"
 }
][
 {
  "type": "bid",
  "price": 944.486,
  "amount": 0.35114414,
  "time": "04:05:09"
 }
][
 {
  "type": "bid",
  "price": 944.89,
  "amount": 0.1,
  "time": "04:05:54"
 }
][
 {
  "type": "bid",
  "price": 944.89,
  "amount": 0.09645185,
  "time": "04:06:16"
 },
 {
  "type": "bid",
  "price": 944.89,
  "amount": 0.05578815,
  "time": "04:06:15"
 }
][
 {
  "type": "bid",
  "price": 944.89,
  "amount": 0.23963,
  "time": "04:06:58"
 }
][
 {
  "type": "bid",
  "price": 944.99,
  "amount": 0.10699957,
  "time": "04:07:00"
 }
][
 {
  "type": "bid",
  "price": 944.99,
  "amount": 0.1678675,
  "time": "04:07:05"
 }
][
 {
  "type": "bid",
  "price": 944.99,
  "amount": 0.12153853,
  "time": "04:07:14"
 }
][
 {
  "type": "bid",
  "price": 945,
  "amount": 0.03,
  "time": "04:07:45"
 }
][
 {
  "type": "bid",
  "price": 945,
  "amount": 0.01948196,
  "time": "04:07:56"
 }
][
 {
  "type": "ask",
  "price": 944.4,
  "amount": 1.14576006,
  "time": "04:07:58"
 }
][
 {
  "type": "ask",
  "price": 944.4,
  "amount": 0.41496084,
  "time": "04:08:06"
 }
][
 {
  "type": "bid",
  "price": 945,
  "amount": 16.3895779,
  "time": "04:08:08"
 }
][
 {
  "type": "ask",
  "price": 944.4,
  "amount": 0.03208644,
  "time": "04:08:12"
 }
][
 {
  "type": "ask",
  "price": 944.4,
  "amount": 0.22255269,
  "time": "04:08:22"
 }
][
 {
  "type": "ask",
  "price": 944.765,
  "amount": 1.63296827,
  "time": "04:08:30"
 }
][
 {
  "type": "bid",
  "price": 945.13,
  "amount": 0.1,
  "time": "04:09:19"
 }
][
 {
  "type": "ask",
  "price": 944.765,
  "amount": 1.32868657,
  "time": "04:09:41"
 }
][
 {
  "type": "ask",
  "price": 944.21,
  "amount": 0.71910233,
  "time": "04:10:11"
 }
][
 {
  "type": "bid",
  "price": 945.13,
  "amount": 1.11925059,
  "time": "04:10:21"
 },
 {
  "type": "bid",
  "price": 945.13,
  "amount": 9.57867546,
  "time": "04:10:21"
 },
 {
  "type": "bid",
  "price": 945.13,
  "amount": 0.90876912,
  "time": "04:10:21"
 },
 {
  "type": "bid",
  "price": 945.13,
  "amount": 0.47721598,
  "time": "04:10:21"
 },
 {
  "type": "bid",
  "price": 945.13,
  "amount": 1.22489456,
  "time": "04:10:21"
 },
 {
  "type": "bid",
  "price": 945.13,
  "amount": 0.97501607,
  "time": "04:10:21"
 },
 {
  "type": "bid",
  "price": 945.13,
  "amount": 1.12997013,
  "time": "04:10:21"
 },
 {
  "type": "bid",
  "price": 945.13,
  "amount": 1.2836895,
  "time": "04:10:21"
 }
][
 {
  "type": "bid",
  "price": 945.13,
  "amount": 5.77523233,
  "time": "04:10:22"
 }
][
 {
  "type": "bid",
  "price": 945.13,
  "amount": 0.1546328,
  "time": "04:10:42"
 }
][
 {
  "type": "bid",
  "price": 945.13,
  "amount": 0.12069456,
  "time": "04:10:46"
 }
][
 {
  "type": "bid",
  "price": 945.13,
  "amount": 0.04035244,
  "time": "04:10:58"
 }
][
 {
  "type": "bid",
  "price": 945.13,
  "amount": 0.01227598,
  "time": "04:11:34"
 },
 {
  "type": "ask",
  "price": 944.2063,
  "amount": 3.36503296,
  "time": "04:11:33"
 }
][
 {
  "type": "bid",
  "price": 945.13,
  "amount": 0.21858486,
  "time": "04:11:47"
 }
][
 {
  "type": "ask",
  "price": 944.2063,
  "amount": 3.88776659,
  "time": "04:11:54"
 }
][
 {
  "type": "bid",
  "price": 945.13,
  "amount": 0.07226864,
  "time": "04:12:05"
 }
][
 {
  "type": "bid",
  "price": 944.989,
  "amount": 0.14898555,
  "time": "04:13:02"
 }
][
 {
  "type": "bid",
  "price": 944.989,
  "amount": 0.39110566,
  "time": "04:13:04"
 }
][
 {
  "type": "bid",
  "price": 944.989,
  "amount": 0.33881465,
  "time": "04:13:15"
 }
][
 {
  "type": "ask",
  "price": 944.553,
  "amount": 3.18302924,
  "time": "04:13:19"
 }
][
 {
  "type": "ask",
  "price": 943.29,
  "amount": 4.40399358,
  "time": "04:13:31"
 },
 {
  "type": "ask",
  "price": 943.976,
  "amount": 0.149,
  "time": "04:13:31"
 }
][
 {
  "type": "bid",
  "price": 945.13,
  "amount": 0.04455537,
  "time": "04:15:14"
 },
 {
  "type": "bid",
  "price": 945.1299,
  "amount": 0.01,
  "time": "04:15:14"
 }
][
 {
  "type": "bid",
  "price": 945.13,
  "amount": 0.10018549,
  "time": "04:15:18"
 }
][
 {
  "type": "bid",
  "price": 945.13,
  "amount": 0.14945351,
  "time": "04:15:21"
 }
][
 {
  "type": "ask",
  "price": 944.2063,
  "amount": 2.92988745,
  "time": "04:15:26"
 }
][
 {
  "type": "ask",
  "price": 944.20625,
  "amount": 6.72070593,
  "time": "04:15:53"
 }
][
 {
  "type": "ask",
  "price": 944.20625,
  "amount": 2.6733753,
  "time": "04:16:29"
 }
][
 {
  "type": "bid",
  "price": 944.20625,
  "amount": 0.1,
  "time": "04:16:37"
 }
][
 {
  "type": "bid",
  "price": 945,
  "amount": 0.23972399,
  "time": "04:16:52"
 }
][
 {
  "type": "ask",
  "price": 944.20625,
  "amount": 6.35725402,
  "time": "04:17:20"
 }
][
 {
  "type": "ask",
  "price": 944.54845,
  "amount": 5.64085616,
  "time": "04:17:31"
 }
][
 {
  "type": "bid",
  "price": 945.1299,
  "amount": 0.01,
  "time": "04:17:36"
 }
][
 {
  "type": "ask",
  "price": 945.1299,
  "amount": 0.064467,
  "time": "04:17:54"
 }
][
 {
  "type": "ask",
  "price": 945.1299,
  "amount": 0.01,
  "time": "04:17:58"
 }
][
 {
  "type": "ask",
  "price": 945.1299,
  "amount": 0.03213717,
  "time": "04:18:04"
 }
][
 {
  "type": "ask",
  "price": 945.1299,
  "amount": 0.19600962,
  "time": "04:18:08"
 }
][
 {
  "type": "ask",
  "price": 945.1299,
  "amount": 0.06408703,
  "time": "04:18:10"
 }
][
 {
  "type": "ask",
  "price": 945.1299,
  "amount": 0.20381043,
  "time": "04:18:15"
 }
][
 {
  "type": "bid",
  "price": 945.13,
  "amount": 0.2,
  "time": "04:18:22"
 },
 {
  "type": "bid",
  "price": 945.13,
  "amount": 0.17746581,
  "time": "04:18:21"
 }
][
 {
  "type": "bid",
  "price": 945.13,
  "amount": 0.6539756,
  "time": "04:18:27"
 }
][
 {
  "type": "bid",
  "price": 945.13,
  "amount": 0.03289293,
  "time": "04:18:29"
 }
][
 {
  "type": "ask",
  "price": 944.2063,
  "amount": 3.50324262,
  "time": "04:18:47"
 }
][
 {
  "type": "ask",
  "price": 944.2063,
  "amount": 0.92567254,
  "time": "04:19:02"
 }
][
 {
  "type": "bid",
  "price": 945.13,
  "amount": 0.11308065,
  "time": "04:19:08"
 }
][
 {
  "type": "bid",
  "price": 945.13,
  "amount": 0.16454041,
  "time": "04:19:17"
 },
 {
  "type": "bid",
  "price": 945.13,
  "amount": 0.46692266,
  "time": "04:19:16"
 },
 {
  "type": "bid",
  "price": 945.13,
  "amount": 0.2788436,
  "time": "04:19:16"
 },
 {
  "type": "bid",
  "price": 945.13,
  "amount": 0.27967561,
  "time": "04:19:15"
 }
][
 {
  "type": "bid",
  "price": 945.13,
  "amount": 0.06990675,
  "time": "04:19:18"
 },
 {
  "type": "bid",
  "price": 945.13,
  "amount": 0.21586777,
  "time": "04:19:18"
 }
][
 {
  "type": "bid",
  "price": 945.13,
  "amount": 0.04938401,
  "time": "04:19:20"
 }
][
 {
  "type": "bid",
  "price": 945.13,
  "amount": 0.01176636,
  "time": "04:19:23"
 },
 {
  "type": "bid",
  "price": 945.13,
  "amount": 0.03941299,
  "time": "04:19:21"
 }
][
 {
  "type": "ask",
  "price": 944.2063,
  "amount": 2.74405035,
  "time": "04:19:39"
 }
][
 {
  "type": "bid",
  "price": 945.13,
  "amount": 0.21413579,
  "time": "04:20:07"
 }
][
 {
  "type": "bid",
  "price": 945.13,
  "amount": 0.1,
  "time": "04:20:18"
 }
][
 {
  "type": "bid",
  "price": 945.13,
  "amount": 0.1,
  "time": "04:20:37"
 }
][
 {
  "type": "bid",
  "price": 945.13,
  "amount": 0.1,
  "time": "04:20:57"
 }
][
 {
  "type": "bid",
  "price": 945.13,
  "amount": 0.23812616,
  "time": "04:21:56"
 }
][
 {
  "type": "ask",
  "price": 944.2063,
  "amount": 3.26539748,
  "time": "04:21:58"
 }
][
 {
  "type": "ask",
  "price": 944.2063,
  "amount": 2.4335177,
  "time": "04:22:31"
 }
][
 {
  "type": "bid",
  "price": 945.13,
  "amount": 0.24599102,
  "time": "04:22:36"
 }
][
 {
  "type": "bid",
  "price": 944,
  "amount": 0.03238416,
  "time": "04:22:38"
 }
][
 {
  "type": "bid",
  "price": 944,
  "amount": 0.05921455,
  "time": "04:22:41"
 }
][
 {
  "type": "bid",
  "price": 943.2826,
  "amount": 0.10299913,
  "time": "04:22:46"
 },
 {
  "type": "ask",
  "price": 943.2826,
  "amount": 0.0172,
  "time": "04:22:46"
 }
][
 {
  "type": "bid",
  "price": 943.2826,
  "amount": 0.1,
  "time": "04:22:58"
 }
][
 {
  "type": "bid",
  "price": 943.2826,
  "amount": 0.1,
  "time": "04:23:14"
 }
][
 {
  "type": "bid",
  "price": 943.2826,
  "amount": 0.1,
  "time": "04:23:31"
 }
][
 {
  "type": "bid",
  "price": 943.2826,
  "amount": 0.1,
  "time": "04:23:48"
 }
][
 {
  "type": "ask",
  "price": 942.79759,
  "amount": 0.74008293,
  "time": "04:23:56"
 }
][
 {
  "type": "ask",
  "price": 943.2826,
  "amount": 0.04084888,
  "time": "04:24:15"
 },
 {
  "type": "bid",
  "price": 943.2826,
  "amount": 0.05915112,
  "time": "04:24:14"
 }
][
 {
  "type": "ask",
  "price": 942.31258,
  "amount": 0.042818,
  "time": "04:24:21"
 }
][
 {
  "type": "bid",
  "price": 942.31258,
  "amount": 0.03704476,
  "time": "04:24:22"
 },
 {
  "type": "bid",
  "price": 942.31258,
  "amount": 0.02126129,
  "time": "04:24:22"
 }
][
 {
  "type": "ask",
  "price": 943.69395,
  "amount": 2.95274824,
  "time": "04:25:16"
 }
][
 {
  "type": "ask",
  "price": 944.01863,
  "amount": 5.76588127,
  "time": "04:26:04"
 }
][
 {
  "type": "bid",
  "price": 945.13,
  "amount": 22.76229449,
  "time": "04:26:24"
 },
 {
  "type": "bid",
  "price": 945.1299,
  "amount": 0.01,
  "time": "04:26:24"
 },
 {
  "type": "bid",
  "price": 945.129,
  "amount": 0.1045,
  "time": "04:26:24"
 }
][
 {
  "type": "ask",
  "price": 945.30067,
  "amount": 0.01110513,
  "time": "04:26:26"
 }
][
 {
  "type": "bid",
  "price": 945.9899,
  "amount": 0.02,
  "time": "04:26:30"
 }
][
 {
  "type": "ask",
  "price": 946.06496,
  "amount": 0.76934765,
  "time": "04:26:39"
 },
 {
  "type": "bid",
  "price": 946,
  "amount": 0.25212113,
  "time": "04:26:39"
 }
][
 {
  "type": "ask",
  "price": 947.2199,
  "amount": 0.0535656,
  "time": "04:26:49"
 },
 {
  "type": "bid",
  "price": 947.2199,
  "amount": 0.02,
  "time": "04:26:48"
 }
][
 {
  "type": "ask",
  "price": 947.2199,
  "amount": 0.0264344,
  "time": "04:26:50"
 }
][
 {
  "type": "bid",
  "price": 947.22814,
  "amount": 0.04927991,
  "time": "04:27:16"
 }
][
 {
  "type": "bid",
  "price": 947.28297,
  "amount": 0.27861789,
  "time": "04:27:28"
 }
][
 {
  "type": "bid",
  "price": 947.3,
  "amount": 1.14228765,
  "time": "04:27:29"
 }
][
 {
  "type": "ask",
  "price": 947.22814,
  "amount": 0.0253668,
  "time": "04:27:57"
 }
][
 {
  "type": "ask",
  "price": 947.33343,
  "amount": 3.68743505,
  "time": "04:28:43"
 }
][
 {
  "type": "ask",
  "price": 947.22814,
  "amount": 0.02535329,
  "time": "04:29:05"
 }
][
 {
  "type": "ask",
  "price": 945.9899,
  "amount": 0.08,
  "time": "04:29:53"
 }
][
 {
  "type": "bid",
  "price": 947.43872,
  "amount": 0.0641412,
  "time": "04:30:27"
 }
][
 {
  "type": "bid",
  "price": 947.5,
  "amount": 0.15424908,
  "time": "04:30:33"
 }
][
 {
  "type": "bid",
  "price": 948,
  "amount": 0.88773643,
  "time": "04:30:53"
 },
 {
  "type": "bid",
  "price": 947.9999,
  "amount": 0.01,
  "time": "04:30:53"
 },
 {
  "type": "bid",
  "price": 947.69,
  "amount": 0.112746,
  "time": "04:30:53"
 }
][
 {
  "type": "bid",
  "price": 945.55651,
  "amount": 0.34184966,
  "time": "04:31:07"
 }
][
 {
  "type": "bid",
  "price": 945.55651,
  "amount": 0.1,
  "time": "04:31:14"
 }
][
 {
  "type": "ask",
  "price": 945.46032,
  "amount": 0.56038878,
  "time": "04:31:18"
 }
][
 {
  "type": "bid",
  "price": 945.55651,
  "amount": 0.1,
  "time": "04:31:19"
 }
][
 {
  "type": "bid",
  "price": 945.55651,
  "amount": 0.2936883,
  "time": "04:31:25"
 },
 {
  "type": "bid",
  "price": 945.55651,
  "amount": 6.45815034,
  "time": "04:31:25"
 }
][
 {
  "type": "bid",
  "price": 948,
  "amount": 0.00667345,
  "time": "04:31:31"
 },
 {
  "type": "bid",
  "price": 948,
  "amount": 0.09332655,
  "time": "04:31:31"
 }
][
 {
  "type": "ask",
  "price": 946.77672,
  "amount": 0.01171169,
  "time": "04:31:40"
 }
][
 {
  "type": "bid",
  "price": 948,
  "amount": 0.1,
  "time": "04:31:49"
 }
][
 {
  "type": "ask",
  "price": 947.62182,
  "amount": 0.05660617,
  "time": "04:31:56"
 }
][
 {
  "type": "bid",
  "price": 948,
  "amount": 0.012288,
  "time": "04:32:02"
 },
 {
  "type": "bid",
  "price": 948,
  "amount": 0.0126443,
  "time": "04:32:02"
 },
 {
  "type": "bid",
  "price": 948,
  "amount": 0.02,
  "time": "04:32:02"
 },
 {
  "type": "bid",
  "price": 948,
  "amount": 0.05332655,
  "time": "04:32:02"
 }
][
 {
  "type": "bid",
  "price": 948.4,
  "amount": 0.1,
  "time": "04:32:18"
 }
][
 {
  "type": "ask",
  "price": 948.2,
  "amount": 3.12529867,
  "time": "04:32:49"
 }
][
 {
  "type": "bid",
  "price": 948,
  "amount": 3.54252981,
  "time": "04:34:04"
 },
 {
  "type": "ask",
  "price": 948,
  "amount": 1.05788224,
  "time": "04:34:03"
 },
 {
  "type": "ask",
  "price": 948,
  "amount": 0.47705553,
  "time": "04:34:03"
 }
][
 {
  "type": "bid",
  "price": 948.45035,
  "amount": 0.02620373,
  "time": "04:34:11"
 },
 {
  "type": "bid",
  "price": 948.4,
  "amount": 0.16697802,
  "time": "04:34:11"
 },
 {
  "type": "bid",
  "price": 948,
  "amount": 44.90564432,
  "time": "04:34:11"
 },
 {
  "type": "bid",
  "price": 948,
  "amount": 0.0168881,
  "time": "04:34:10"
 }
][
 {
  "type": "ask",
  "price": 948.50924,
  "amount": 0.65114032,
  "time": "04:34:24"
 }
][
 {
  "type": "ask",
  "price": 948.69862,
  "amount": 0.97144696,
  "time": "04:35:02"
 }
][
 {
  "type": "bid",
  "price": 948.50924,
  "amount": 0.129,
  "time": "04:35:54"
 }
][
 {
  "type": "bid",
  "price": 949.69,
  "amount": 0.8696523,
  "time": "04:35:55"
 },
 {
  "type": "bid",
  "price": 949.595,
  "amount": 0.05298542,
  "time": "04:35:55"
 },
 {
  "type": "bid",
  "price": 949.595,
  "amount": 0.15223428,
  "time": "04:35:55"
 },
 {
  "type": "bid",
  "price": 949.2,
  "amount": 0.32814403,
  "time": "04:35:55"
 },
 {
  "type": "bid",
  "price": 949.07972,
  "amount": 0.05174391,
  "time": "04:35:55"
 },
 {
  "type": "bid",
  "price": 949,
  "amount": 0.14737716,
  "time": "04:35:55"
 },
 {
  "type": "bid",
  "price": 949,
  "amount": 0.027841,
  "time": "04:35:55"
 },
 {
  "type": "bid",
  "price": 949,
  "amount": 0.2,
  "time": "04:35:55"
 },
 {
  "type": "bid",
  "price": 949,
  "amount": 1.49855142,
  "time": "04:35:55"
 },
 {
  "type": "bid",
  "price": 949,
  "amount": 0.9280756,
  "time": "04:35:55"
 }
][
 {
  "type": "bid",
  "price": 950,
  "amount": 0.27525007,
  "time": "04:35:58"
 },
 {
  "type": "bid",
  "price": 950,
  "amount": 0.96356765,
  "time": "04:35:58"
 },
 {
  "type": "bid",
  "price": 949.9999,
  "amount": 0.1,
  "time": "04:35:58"
 },
 {
  "type": "bid",
  "price": 949.99,
  "amount": 0.05005921,
  "time": "04:35:58"
 },
 {
  "type": "bid",
  "price": 949.99,
  "amount": 0.36199442,
  "time": "04:35:58"
 },
 {
  "type": "bid",
  "price": 949.99,
  "amount": 0.044411,
  "time": "04:35:58"
 },
 {
  "type": "bid",
  "price": 949.9,
  "amount": 0.01,
  "time": "04:35:58"
 },
 {
  "type": "bid",
  "price": 949.9,
  "amount": 0.27979212,
  "time": "04:35:58"
 },
 {
  "type": "bid",
  "price": 949.87,
  "amount": 0.2,
  "time": "04:35:58"
 },
 {
  "type": "bid",
  "price": 949.7,
  "amount": 0.08557616,
  "time": "04:35:58"
 }
][
 {
  "type": "bid",
  "price": 950,
  "amount": 1.10981,
  "time": "04:36:03"
 }
][
 {
  "type": "ask",
  "price": 949.69,
  "amount": 0.10345,
  "time": "04:36:07"
 },
 {
  "type": "bid",
  "price": 950,
  "amount": 0.29728007,
  "time": "04:36:06"
 },
 {
  "type": "bid",
  "price": 950,
  "amount": 0.1996,
  "time": "04:36:06"
 },
 {
  "type": "bid",
  "price": 950,
  "amount": 0.61493993,
  "time": "04:36:06"
 }
][
 {
  "type": "bid",
  "price": 950,
  "amount": 0.91381081,
  "time": "04:36:08"
 },
 {
  "type": "bid",
  "price": 950,
  "amount": 0.2,
  "time": "04:36:08"
 },
 {
  "type": "bid",
  "price": 950,
  "amount": 0.03041046,
  "time": "04:36:08"
 },
 {
  "type": "bid",
  "price": 950,
  "amount": 0.2461305,
  "time": "04:36:08"
 },
 {
  "type": "bid",
  "price": 950,
  "amount": 0.0443,
  "time": "04:36:08"
 },
 {
  "type": "bid",
  "price": 950,
  "amount": 0.01,
  "time": "04:36:08"
 },
 {
  "type": "bid",
  "price": 950,
  "amount": 0.1,
  "time": "04:36:08"
 },
 {
  "type": "bid",
  "price": 950,
  "amount": 0.02500929,
  "time": "04:36:08"
 },
 {
  "type": "bid",
  "price": 950,
  "amount": 0.05265026,
  "time": "04:36:08"
 },
 {
  "type": "bid",
  "price": 950,
  "amount": 0.1,
  "time": "04:36:08"
 }
][
 {
  "type": "bid",
  "price": 951,
  "amount": 3.23313887,
  "time": "04:36:09"
 },
 {
  "type": "bid",
  "price": 950.98067,
  "amount": 0.05433111,
  "time": "04:36:09"
 },
 {
  "type": "bid",
  "price": 950.97662,
  "amount": 0.01,
  "time": "04:36:09"
 },
 {
  "type": "bid",
  "price": 950.7,
  "amount": 0.029,
  "time": "04:36:09"
 },
 {
  "type": "bid",
  "price": 950.59846,
  "amount": 0.27935295,
  "time": "04:36:09"
 },
 {
  "type": "bid",
  "price": 950.483,
  "amount": 0.043846,
  "time": "04:36:09"
 },
 {
  "type": "bid",
  "price": 950.186,
  "amount": 0.020264,
  "time": "04:36:09"
 },
 {
  "type": "bid",
  "price": 950,
  "amount": 1.28443874,
  "time": "04:36:09"
 },
 {
  "type": "bid",
  "price": 950,
  "amount": 1.32983327,
  "time": "04:36:09"
 },
 {
  "type": "bid",
  "price": 950,
  "amount": 0.2,
  "time": "04:36:09"
 }
][
 {
  "type": "bid",
  "price": 951,
  "amount": 1.144226,
  "time": "04:36:12"
 },
 {
  "type": "bid",
  "price": 951,
  "amount": 1.10099,
  "time": "04:36:11"
 }
][
 {
  "type": "bid",
  "price": 951,
  "amount": 0.70525323,
  "time": "04:36:14"
 },
 {
  "type": "bid",
  "price": 951,
  "amount": 0.43897322,
  "time": "04:36:14"
 },
 {
  "type": "bid",
  "price": 951,
  "amount": 0.34034487,
  "time": "04:36:13"
 },
 {
  "type": "bid",
  "price": 951,
  "amount": 0.25,
  "time": "04:36:13"
 },
 {
  "type": "bid",
  "price": 951,
  "amount": 0.51064513,
  "time": "04:36:13"
 },
 {
  "type": "bid",
  "price": 951,
  "amount": 0.011,
  "time": "04:36:13"
 }
][
 {
  "type": "bid",
  "price": 951,
  "amount": 1.1442269,
  "time": "04:36:15"
 }
][
 {
  "type": "bid",
  "price": 951,
  "amount": 0.72945,
  "time": "04:36:18"
 }
][
 {
  "type": "bid",
  "price": 951.22,
  "amount": 1.0804646,
  "time": "04:36:19"
 },
 {
  "type": "bid",
  "price": 951.04184,
  "amount": 0.0608371,
  "time": "04:36:19"
 },
 {
  "type": "bid",
  "price": 951,
  "amount": 0.00292935,
  "time": "04:36:19"
 }
][
 {
  "type": "bid",
  "price": 951.22,
  "amount": 0.41653541,
  "time": "04:36:27"
 }
][
 {
  "type": "bid",
  "price": 951.44,
  "amount": 0.0222651,
  "time": "04:36:39"
 }
][
 {
  "type": "ask",
  "price": 949.875,
  "amount": 3.87045974,
  "time": "04:36:52"
 }
][
 {
  "type": "bid",
  "price": 952,
  "amount": 0.06938219,
  "time": "04:37:10"
 }
][
 {
  "type": "ask",
  "price": 952,
  "amount": 0.010978,
  "time": "04:37:35"
 },
 {
  "type": "ask",
  "price": 952.03,
  "amount": 0.11763,
  "time": "04:37:35"
 }
][
 {
  "type": "ask",
  "price": 950.71142,
  "amount": 4.57745005,
  "time": "04:37:55"
 }
][
 {
  "type": "bid",
  "price": 952.27885,
  "amount": 0.0476223,
  "time": "04:38:23"
 }
][
 {
  "type": "ask",
  "price": 952.27885,
  "amount": 1.2104227,
  "time": "04:38:24"
 }
][
 {
  "type": "bid",
  "price": 951.6146,
  "amount": 7.25268758,
  "time": "04:38:44"
 }
][
 {
  "type": "ask",
  "price": 950.711,
  "amount": 0.48706557,
  "time": "04:38:56"
 },
 {
  "type": "ask",
  "price": 950.711,
  "amount": 0.53016873,
  "time": "04:38:55"
 },
 {
  "type": "ask",
  "price": 950.711,
  "amount": 0.021934,
  "time": "04:38:55"
 }
][
 {
  "type": "ask",
  "price": 950.711,
  "amount": 0.56823623,
  "time": "04:38:57"
 }
][
 {
  "type": "bid",
  "price": 951.3655,
  "amount": 6.35068788,
  "time": "04:39:16"
 }
][
 {
  "type": "bid",
  "price": 951.36545,
  "amount": 1.2030345,
  "time": "04:40:40"
 }
][
 {
  "type": "ask",
  "price": 950.711,
  "amount": 0.11940087,
  "time": "04:41:29"
 }
][
 {
  "type": "bid",
  "price": 950.711,
  "amount": 0.03107887,
  "time": "04:41:30"
 }
][
 {
  "type": "ask",
  "price": 946.89,
  "amount": 0.28027992,
  "time": "04:42:30"
 },
 {
  "type": "ask",
  "price": 946.97296,
  "amount": 0.113942,
  "time": "04:42:30"
 },
 {
  "type": "ask",
  "price": 949.144,
  "amount": 0.10535809,
  "time": "04:42:30"
 }
][
 {
  "type": "ask",
  "price": 950.10188,
  "amount": 2.53150049,
  "time": "04:43:30"
 }
][
 {
  "type": "ask",
  "price": 949,
  "amount": 4.10111646,
  "time": "04:45:15"
 }
][
 {
  "type": "ask",
  "price": 947,
  "amount": 0.07082399,
  "time": "04:45:29"
 }
][
 {
  "type": "ask",
  "price": 947,
  "amount": 0.23917601,
  "time": "04:46:16"
 }
][
 {
  "type": "bid",
  "price": 947,
  "amount": 0.12138575,
  "time": "04:46:18"
 }
][
 {
  "type": "ask",
  "price": 947.04735,
  "amount": 0.02120877,
  "time": "04:49:22"
 }
][
 {
  "type": "bid",
  "price": 953,
  "amount": 1.83149435,
  "time": "04:49:34"
 },
 {
  "type": "bid",
  "price": 953,
  "amount": 1.74465595,
  "time": "04:49:34"
 },
 {
  "type": "bid",
  "price": 953,
  "amount": 0.0640762,
  "time": "04:49:34"
 },
 {
  "type": "bid",
  "price": 952.9999,
  "amount": 0.01,
  "time": "04:49:34"
 },
 {
  "type": "bid",
  "price": 952.9999,
  "amount": 0.01,
  "time": "04:49:34"
 },
 {
  "type": "bid",
  "price": 952.9999,
  "amount": 0.01,
  "time": "04:49:34"
 },
 {
  "type": "bid",
  "price": 952.99989,
  "amount": 1.0514209,
  "time": "04:49:34"
 },
 {
  "type": "bid",
  "price": 952.93371,
  "amount": 0.05704766,
  "time": "04:49:34"
 },
 {
  "type": "bid",
  "price": 952.87239,
  "amount": 0.0105,
  "time": "04:49:34"
 },
 {
  "type": "bid",
  "price": 952.8082,
  "amount": 0.1,
  "time": "04:49:34"
 }
][
 {
  "type": "bid",
  "price": 952.99,
  "amount": 1.75,
  "time": "04:49:38"
 }
][
 {
  "type": "ask",
  "price": 944.06949,
  "amount": 0.48503779,
  "time": "04:49:40"
 },
 {
  "type": "ask",
  "price": 944.07048,
  "amount": 0.5300718,
  "time": "04:49:39"
 },
 {
  "type": "ask",
  "price": 946.33969,
  "amount": 0.27946053,
  "time": "04:49:39"
 },
 {
  "type": "ask",
  "price": 946.60866,
  "amount": 0.19306512,
  "time": "04:49:39"
 },
 {
  "type": "ask",
  "price": 946.7799,
  "amount": 0.01,
  "time": "04:49:39"
 },
 {
  "type": "ask",
  "price": 947,
  "amount": 0.1,
  "time": "04:49:39"
 },
 {
  "type": "ask",
  "price": 947.04735,
  "amount": 0.10017091,
  "time": "04:49:39"
 },
 {
  "type": "ask",
  "price": 947.53992,
  "amount": 0.1073354,
  "time": "04:49:39"
 }
][
 {
  "type": "bid",
  "price": 953,
  "amount": 1.7846506,
  "time": "04:49:41"
 }
][
 {
  "type": "ask",
  "price": 948.26505,
  "amount": 4.83101838,
  "time": "04:50:30"
 }
][
 {
  "type": "ask",
  "price": 948.26505,
  "amount": 5.65310142,
  "time": "04:50:58"
 }
][
 {
  "type": "ask",
  "price": 945.93164,
  "amount": 0.1,
  "time": "04:53:19"
 }
][
 {
  "type": "ask",
  "price": 948.26505,
  "amount": 3.34228458,
  "time": "04:53:59"
 }
][
 {
  "type": "ask",
  "price": 945.93164,
  "amount": 0.0006155,
  "time": "04:54:07"
 }
][
 {
  "type": "bid",
  "price": 945.93164,
  "amount": 0.0492845,
  "time": "04:54:08"
 }
][
 {
  "type": "ask",
  "price": 947.46423,
  "amount": 7.14389978,
  "time": "04:55:04"
 }
][
 {
  "type": "bid",
  "price": 950,
  "amount": 0.02568,
  "time": "04:56:56"
 }
][
 {
  "type": "ask",
  "price": 947.02186,
  "amount": 5.46873828,
  "time": "04:58:15"
 }
][
 {
  "type": "ask",
  "price": 947.02137,
  "amount": 0.95048723,
  "time": "04:59:37"
 }
][
 {
  "type": "ask",
  "price": 947.02137,
  "amount": 2.8494371,
  "time": "04:59:42"
 }
][
 {
  "type": "ask",
  "price": 947.02186,
  "amount": 1.72943074,
  "time": "05:00:43"
 }
][
 {
  "type": "bid",
  "price": 947.90499,
  "amount": 4.64309101,
  "time": "05:02:23"
 }
][
 {
  "type": "ask",
  "price": 947.9,
  "amount": 5.44428981,
  "time": "05:05:30"
 }
][
 {
  "type": "ask",
  "price": 947.9,
  "amount": 1.44293151,
  "time": "05:08:35"
 }
][
 {
  "type": "ask",
  "price": 947.9,
  "amount": 3.76712227,
  "time": "05:08:54"
 }
][
 {
  "type": "ask",
  "price": 947.9,
  "amount": 5.81303521,
  "time": "05:09:12"
 }
][
 {
  "type": "ask",
  "price": 945.82,
  "amount": 0.1,
  "time": "05:09:15"
 }
][
 {
  "type": "ask",
  "price": 947.9,
  "amount": 6.93180558,
  "time": "05:09:26"
 }
][
 {
  "type": "ask",
  "price": 947.9,
  "amount": 0.93795385,
  "time": "05:10:27"
 }
][
 {
  "type": "ask",
  "price": 947.9,
  "amount": 2.82159513,
  "time": "05:11:30"
 }
][
 {
  "type": "ask",
  "price": 947.9,
  "amount": 6.32229368,
  "time": "05:12:25"
 }
][
 {
  "type": "bid",
  "price": 947.6,
  "amount": 0.10006851,
  "time": "05:13:06"
 }
][
 {
  "type": "ask",
  "price": 947.9,
  "amount": 6.69669717,
  "time": "05:14:49"
 }
][
 {
  "type": "ask",
  "price": 947.9,
  "amount": 3.65095292,
  "time": "05:15:36"
 }
][
 {
  "type": "ask",
  "price": 947.9,
  "amount": 0.76381566,
  "time": "05:17:57"
 }
][
 {
  "type": "ask",
  "price": 947.9,
  "amount": 7.01040092,
  "time": "05:19:04"
 }
][
 {
  "type": "ask",
  "price": 947.9,
  "amount": 5.17194975,
  "time": "05:19:39"
 }
][
 {
  "type": "ask",
  "price": 947.9,
  "amount": 3.314341,
  "time": "05:19:45"
 }
][
 {
  "type": "ask",
  "price": 948.94,
  "amount": 2.51292027,
  "time": "05:20:20"
 }
][
 {
  "type": "ask",
  "price": 948.94,
  "amount": 4.51270548,
  "time": "05:20:27"
 }
][
 {
  "type": "ask",
  "price": 948.94,
  "amount": 3.34774029,
  "time": "05:21:47"
 }
][
 {
  "type": "ask",
  "price": 948.935,
  "amount": 2.52906501,
  "time": "05:22:54"
 }
][
 {
  "type": "bid",
  "price": 949.95,
  "amount": 0.07758514,
  "time": "05:23:09"
 }
][
 {
  "type": "bid",
  "price": 949.98,
  "amount": 0.04110613,
  "time": "05:23:22"
 }
][
 {
  "type": "bid",
  "price": 950,
  "amount": 0.15171512,
  "time": "05:23:44"
 },
 {
  "type": "bid",
  "price": 949.98,
  "amount": 0.77065119,
  "time": "05:23:44"
 }
][
 {
  "type": "ask",
  "price": 948.955,
  "amount": 3.05505023,
  "time": "05:25:34"
 }
][
 {
  "type": "ask",
  "price": 948.9,
  "amount": 5.80539521,
  "time": "05:29:32"
 }
][
 {
  "type": "ask",
  "price": 948.9,
  "amount": 2.10419602,
  "time": "05:29:46"
 }
][
 {
  "type": "bid",
  "price": 948.9,
  "amount": 6.77251588,
  "time": "05:30:41"
 }
][
 {
  "type": "bid",
  "price": 950,
  "amount": 0.64300514,
  "time": "05:30:50"
 },
 {
  "type": "bid",
  "price": 950,
  "amount": 0.05260488,
  "time": "05:30:50"
 },
 {
  "type": "bid",
  "price": 949.9,
  "amount": 0.3094,
  "time": "05:30:50"
 }
][
 {
  "type": "bid",
  "price": 948.95,
  "amount": 2.21010061,
  "time": "05:30:53"
 }
][
 {
  "type": "bid",
  "price": 948.95,
  "amount": 3.3199651,
  "time": "05:31:01"
 }
][
 {
  "type": "bid",
  "price": 949,
  "amount": 3.808437,
  "time": "05:31:57"
 }
][
 {
  "type": "bid",
  "price": 949,
  "amount": 1.52643987,
  "time": "05:32:55"
 }
][
 {
  "type": "bid",
  "price": 950,
  "amount": 0.1,
  "time": "05:33:51"
 }
][
 {
  "type": "bid",
  "price": 949,
  "amount": 4.02213306,
  "time": "05:34:07"
 }
][
 {
  "type": "bid",
  "price": 949,
  "amount": 2.28919528,
  "time": "05:35:52"
 }
][
 {
  "type": "ask",
  "price": 949.5,
  "amount": 3.06257922,
  "time": "05:39:53"
 }
][
 {
  "type": "bid",
  "price": 949.5,
  "amount": 3.18541705,
  "time": "05:40:07"
 }
][
 {
  "type": "bid",
  "price": 950,
  "amount": 0.24267254,
  "time": "05:41:26"
 }
][
 {
  "type": "ask",
  "price": 949.74387,
  "amount": 0.07896866,
  "time": "05:42:04"
 }
][
 {
  "type": "ask",
  "price": 947.91,
  "amount": 6.43409126,
  "time": "05:43:29"
 }
][
 {
  "type": "ask",
  "price": 947.91,
  "amount": 3.70525835,
  "time": "05:44:45"
 }
][
 {
  "type": "bid",
  "price": 950,
  "amount": 0.52536243,
  "time": "05:46:04"
 }
][
 {
  "type": "bid",
  "price": 950,
  "amount": 2.24684533,
  "time": "05:46:23"
 }
][
 {
  "type": "bid",
  "price": 950,
  "amount": 0.1,
  "time": "05:47:29"
 }
][
 {
  "type": "bid",
  "price": 950,
  "amount": 0.1,
  "time": "05:47:46"
 }
][
 {
  "type": "bid",
  "price": 950,
  "amount": 0.1,
  "time": "05:47:56"
 }
][
 {
  "type": "bid",
  "price": 950,
  "amount": 0.19338509,
  "time": "05:48:11"
 }
][
 {
  "type": "bid",
  "price": 950,
  "amount": 0.1,
  "time": "05:48:14"
 }
][
 {
  "type": "bid",
  "price": 950,
  "amount": 0.1,
  "time": "05:48:19"
 }
][
 {
  "type": "bid",
  "price": 950,
  "amount": 0.1,
  "time": "05:48:31"
 }
][
 {
  "type": "ask",
  "price": 948.88157,
  "amount": 0.02001203,
  "time": "05:48:34"
 }
][
 {
  "type": "ask",
  "price": 949.435,
  "amount": 7.1037643,
  "time": "05:48:39"
 }
][
 {
  "type": "bid",
  "price": 950,
  "amount": 0.1,
  "time": "05:48:48"
 }
][
 {
  "type": "bid",
  "price": 950,
  "amount": 1,
  "time": "05:48:56"
 }
][
 {
  "type": "ask",
  "price": 949.305,
  "amount": 2.45377146,
  "time": "05:49:03"
 }
][
 {
  "type": "bid",
  "price": 950,
  "amount": 0.0526478,
  "time": "05:49:05"
 },
 {
  "type": "bid",
  "price": 950,
  "amount": 0.1,
  "time": "05:49:04"
 }
][
 {
  "type": "bid",
  "price": 950,
  "amount": 0.1,
  "time": "05:49:14"
 }
][
 {
  "type": "bid",
  "price": 950,
  "amount": 0.24293637,
  "time": "05:49:31"
 }
][
 {
  "type": "bid",
  "price": 950,
  "amount": 0.1,
  "time": "05:49:32"
 }
][
 {
  "type": "bid",
  "price": 950,
  "amount": 0.1,
  "time": "05:49:49"
 }
][
 {
  "type": "bid",
  "price": 950,
  "amount": 0.1,
  "time": "05:50:14"
 }
][
 {
  "type": "bid",
  "price": 950,
  "amount": 0.08595441,
  "time": "05:50:28"
 }
][
 {
  "type": "bid",
  "price": 950,
  "amount": 0.1,
  "time": "05:50:30"
 }
][
 {
  "type": "bid",
  "price": 949.99,
  "amount": 0.01,
  "time": "05:50:54"
 }
][
 {
  "type": "bid",
  "price": 950,
  "amount": 1.05263158,
  "time": "05:51:02"
 }
][
 {
  "type": "bid",
  "price": 950,
  "amount": 0.1,
  "time": "05:51:19"
 }
][
 {
  "type": "ask",
  "price": 949.995,
  "amount": 4.32072647,
  "time": "05:51:23"
 }
][
 {
  "type": "bid",
  "price": 950,
  "amount": 0.1,
  "time": "05:51:39"
 }
][
 {
  "type": "bid",
  "price": 950,
  "amount": 0.18412988,
  "time": "05:52:09"
 }
][
 {
  "type": "bid",
  "price": 950,
  "amount": 0.02513973,
  "time": "05:52:51"
 }
][
 {
  "type": "ask",
  "price": 949.995,
  "amount": 3.53908653,
  "time": "05:53:29"
 }
][
 {
  "type": "ask",
  "price": 949.995,
  "amount": 1.25048583,
  "time": "05:53:40"
 }
][
 {
  "type": "ask",
  "price": 949.99,
  "amount": 0.04,
  "time": "05:54:10"
 }
][
 {
  "type": "bid",
  "price": 950,
  "amount": 0.05160012,
  "time": "05:54:20"
 }
][
 {
  "type": "ask",
  "price": 949.995,
  "amount": 6.18610732,
  "time": "05:54:36"
 }
][
 {
  "type": "ask",
  "price": 949.995,
  "amount": 4.7703436,
  "time": "05:54:46"
 }
][
 {
  "type": "ask",
  "price": 949.995,
  "amount": 6.61471545,
  "time": "05:55:27"
 }
][
 {
  "type": "ask",
  "price": 949.99,
  "amount": 0.05,
  "time": "05:55:27"
 }
][
 {
  "type": "ask",
  "price": 949.005,
  "amount": 0.59233841,
  "time": "05:55:48"
 }
][
 {
  "type": "ask",
  "price": 948.01,
  "amount": 0.05,
  "time": "05:55:53"
 }
][
 {
  "type": "ask",
  "price": 949.005,
  "amount": 4.96016887,
  "time": "05:56:34"
 }
][
 {
  "type": "bid",
  "price": 950,
  "amount": 0.1,
  "time": "05:56:39"
 }
][
 {
  "type": "bid",
  "price": 950,
  "amount": 0.32740058,
  "time": "05:56:39"
 }
][
 {
  "type": "bid",
  "price": 950,
  "amount": 0.85634943,
  "time": "05:57:22"
 },
 {
  "type": "bid",
  "price": 949.9999,
  "amount": 0.01,
  "time": "05:57:22"
 }
][
 {
  "type": "ask",
  "price": 949.005,
  "amount": 5.30907695,
  "time": "05:57:37"
 }
][
 {
  "type": "bid",
  "price": 950,
  "amount": 0.650985,
  "time": "05:58:25"
 }
][
 {
  "type": "ask",
  "price": 949.025,
  "amount": 6.55394939,
  "time": "05:58:34"
 }
][
 {
  "type": "bid",
  "price": 950,
  "amount": 0.10280064,
  "time": "05:59:50"
 }
][
 {
  "type": "bid",
  "price": 950,
  "amount": 1.566358,
  "time": "06:01:02"
 }
][
 {
  "type": "ask",
  "price": 949.03,
  "amount": 5.10592908,
  "time": "06:01:06"
 }
][
 {
  "type": "ask",
  "price": 949.03,
  "amount": 3.99743013,
  "time": "06:01:28"
 }
][
 {
  "type": "bid",
  "price": 950,
  "amount": 0.1,
  "time": "06:02:53"
 }
][
 {
  "type": "bid",
  "price": 950,
  "amount": 0.1,
  "time": "06:03:19"
 }
][
 {
  "type": "bid",
  "price": 950,
  "amount": 0.1,
  "time": "06:03:37"
 }
][
 {
  "type": "bid",
  "price": 950,
  "amount": 0.25,
  "time": "06:03:42"
 }
][
 {
  "type": "ask",
  "price": 949.28,
  "amount": 4.8895694,
  "time": "06:04:13"
 }
][
 {
  "type": "bid",
  "price": 950,
  "amount": 0.24479899,
  "time": "06:04:30"
 },
 {
  "type": "bid",
  "price": 950,
  "amount": 0.1,
  "time": "06:04:29"
 }
][
 {
  "type": "bid",
  "price": 950,
  "amount": 0.04722137,
  "time": "06:04:40"
 }
][
 {
  "type": "bid",
  "price": 950,
  "amount": 0.25747985,
  "time": "06:04:45"
 }
][
 {
  "type": "bid",
  "price": 950,
  "amount": 0.1,
  "time": "06:04:46"
 }
][
 {
  "type": "ask",
  "price": 949.28,
  "amount": 3.69395778,
  "time": "06:04:51"
 }
][
 {
  "type": "bid",
  "price": 950,
  "amount": 0.21532063,
  "time": "06:05:10"
 }
][
 {
  "type": "bid",
  "price": 950,
  "amount": 0.1,
  "time": "06:05:13"
 }
][
 {
  "type": "ask",
  "price": 949.28,
  "amount": 4.4519687,
  "time": "06:05:26"
 }
][
 {
  "type": "bid",
  "price": 950,
  "amount": 0.1,
  "time": "06:05:30"
 }
][
 {
  "type": "bid",
  "price": 950,
  "amount": 0.22701799,
  "time": "06:05:39"
 }
][
 {
  "type": "bid",
  "price": 950,
  "amount": 0.23775768,
  "time": "06:05:41"
 },
 {
  "type": "ask",
  "price": 949.28,
  "amount": 0.70266678,
  "time": "06:05:40"
 }
][
 {
  "type": "bid",
  "price": 950,
  "amount": 0.10547216,
  "time": "06:05:43"
 }
][
 {
  "type": "bid",
  "price": 950,
  "amount": 0.1,
  "time": "06:05:48"
 },
 {
  "type": "bid",
  "price": 950,
  "amount": 0.012,
  "time": "06:05:47"
 }
][
 {
  "type": "bid",
  "price": 950,
  "amount": 0.628,
  "time": "06:06:05"
 }
][
 {
  "type": "ask",
  "price": 949.28,
  "amount": 4.83483618,
  "time": "06:06:25"
 }
][
 {
  "type": "bid",
  "price": 950,
  "amount": 0.06682565,
  "time": "06:07:46"
 },
 {
  "type": "ask",
  "price": 949.465,
  "amount": 2.62362121,
  "time": "06:07:45"
 }
][
 {
  "type": "bid",
  "price": 950,
  "amount": 0.00415789,
  "time": "06:08:02"
 },
 {
  "type": "bid",
  "price": 950,
  "amount": 0.07115526,
  "time": "06:08:02"
 },
 {
  "type": "bid",
  "price": 950,
  "amount": 0.15790161,
  "time": "06:08:02"
 }
][
 {
  "type": "bid",
  "price": 950,
  "amount": 0.10966838,
  "time": "06:08:05"
 }
][
 {
  "type": "ask",
  "price": 949.79981,
  "amount": 0.90794491,
  "time": "06:08:07"
 }
][
 {
  "type": "bid",
  "price": 950,
  "amount": 0.10526405,
  "time": "06:08:27"
 }
][
 {
  "type": "bid",
  "price": 950,
  "amount": 0.22788845,
  "time": "06:08:32"
 },
 {
  "type": "bid",
  "price": 950,
  "amount": 0.16893603,
  "time": "06:08:30"
 }
][
 {
  "type": "bid",
  "price": 950,
  "amount": 0.23512683,
  "time": "06:08:34"
 }
][
 {
  "type": "bid",
  "price": 950,
  "amount": 0.15564485,
  "time": "06:08:36"
 },
 {
  "type": "bid",
  "price": 950,
  "amount": 0.6702157,
  "time": "06:08:35"
 }
][
 {
  "type": "bid",
  "price": 950,
  "amount": 0.1001703,
  "time": "06:08:38"
 },
 {
  "type": "bid",
  "price": 950,
  "amount": 0.1245,
  "time": "06:08:38"
 },
 {
  "type": "bid",
  "price": 950,
  "amount": 0.69816835,
  "time": "06:08:38"
 }
][
 {
  "type": "bid",
  "price": 950.59846,
  "amount": 0.06745971,
  "time": "06:09:08"
 }
][
 {
  "type": "bid",
  "price": 950.59846,
  "amount": 0.18870613,
  "time": "06:09:14"
 }
][
 {
  "type": "ask",
  "price": 950.49889,
  "amount": 0.67674152,
  "time": "06:09:16"
 },
 {
  "type": "bid",
  "price": 950.59846,
  "amount": 0.02246133,
  "time": "06:09:15"
 }
][
 {
  "type": "ask",
  "price": 951.26631,
  "amount": 3.9053815,
  "time": "06:10:14"
 }
][
 {
  "type": "bid",
  "price": 951.42163,
  "amount": 0.0899087,
  "time": "06:11:45"
 }
][
 {
  "type": "ask",
  "price": 951.3056,
  "amount": 3.81049939,
  "time": "06:12:37"
 }
][
 {
  "type": "bid",
  "price": 952,
  "amount": 0.02,
  "time": "06:13:06"
 },
 {
  "type": "ask",
  "price": 951.3056,
  "amount": 6.13347479,
  "time": "06:13:06"
 }
][
 {
  "type": "ask",
  "price": 951.3056,
  "amount": 3.85680042,
  "time": "06:13:22"
 }
][
 {
  "type": "ask",
  "price": 951.3056,
  "amount": 6.26655014,
  "time": "06:14:28"
 }
][
 {
  "type": "ask",
  "price": 950.6112,
  "amount": 0.042732,
  "time": "06:14:32"
 }
][
 {
  "type": "ask",
  "price": 951.0055,
  "amount": 6.34710532,
  "time": "06:14:40"
 }
][
 {
  "type": "bid",
  "price": 952,
  "amount": 3.1137277,
  "time": "06:15:21"
 }
][
 {
  "type": "ask",
  "price": 951.24005,
  "amount": 5.11489396,
  "time": "06:15:33"
 }
][
 {
  "type": "bid",
  "price": 953,
  "amount": 19.7990561,
  "time": "06:15:45"
 },
 {
  "type": "bid",
  "price": 952.99999,
  "amount": 0.04,
  "time": "06:15:45"
 },
 {
  "type": "bid",
  "price": 952.99999,
  "amount": 0.1,
  "time": "06:15:45"
 },
 {
  "type": "bid",
  "price": 952.4691,
  "amount": 0.0609439,
  "time": "06:15:45"
 }
][
 {
  "type": "ask",
  "price": 951.5055,
  "amount": 5.38827195,
  "time": "06:16:11"
 }
][
 {
  "type": "ask",
  "price": 951.5055,
  "amount": 7.20523942,
  "time": "06:16:35"
 }
][
 {
  "type": "bid",
  "price": 953,
  "amount": 11,
  "time": "06:17:34"
 }
][
 {
  "type": "bid",
  "price": 953,
  "amount": 0.52,
  "time": "06:17:53"
 }
][
 {
  "type": "bid",
  "price": 953,
  "amount": 1,
  "time": "06:17:58"
 }
][
 {
  "type": "bid",
  "price": 953,
  "amount": 1.04548548,
  "time": "06:18:35"
 }
][
 {
  "type": "bid",
  "price": 953,
  "amount": 1.20690443,
  "time": "06:18:35"
 }
][
 {
  "type": "ask",
  "price": 951.73905,
  "amount": 0.05943667,
  "time": "06:18:55"
 }
][
 {
  "type": "ask",
  "price": 952.08667,
  "amount": 1.54466413,
  "time": "06:19:13"
 }
][
 {
  "type": "ask",
  "price": 951.92077,
  "amount": 0.05148297,
  "time": "06:19:17"
 }
][
 {
  "type": "ask",
  "price": 951.92077,
  "amount": 0.23321,
  "time": "06:19:29"
 }
][
 {
  "type": "ask",
  "price": 952.85954,
  "amount": 0.11006141,
  "time": "06:20:01"
 },
 {
  "type": "bid",
  "price": 953,
  "amount": 10.00367689,
  "time": "06:20:00"
 }
][
 {
  "type": "ask",
  "price": 952.85954,
  "amount": 0.11006141,
  "time": "06:20:06"
 }
][
 {
  "type": "ask",
  "price": 952.85954,
  "amount": 0.11006141,
  "time": "06:20:10"
 }
][
 {
  "type": "ask",
  "price": 952.85954,
  "amount": 0.11006141,
  "time": "06:20:14"
 }
][
 {
  "type": "ask",
  "price": 952.85954,
  "amount": 0.11006141,
  "time": "06:20:17"
 },
 {
  "type": "ask",
  "price": 952.85954,
  "amount": 0.02415241,
  "time": "06:20:16"
 }
][
 {
  "type": "ask",
  "price": 953.22986,
  "amount": 4.57236213,
  "time": "06:20:32"
 }
][
 {
  "type": "ask",
  "price": 953.57594,
  "amount": 0.11006664,
  "time": "06:20:50"
 }
][
 {
  "type": "ask",
  "price": 953.57594,
  "amount": 0.03712743,
  "time": "06:20:51"
 }
][
 {
  "type": "ask",
  "price": 953.57594,
  "amount": 0.42052156,
  "time": "06:20:54"
 },
 {
  "type": "ask",
  "price": 953.57594,
  "amount": 0.27981794,
  "time": "06:20:53"
 }
][
 {
  "type": "ask",
  "price": 953.57594,
  "amount": 0.11006667,
  "time": "06:20:57"
 }
][
 {
  "type": "ask",
  "price": 953.57594,
  "amount": 0.08204361,
  "time": "06:21:01"
 }
][
 {
  "type": "ask",
  "price": 953.58805,
  "amount": 6.36251219,
  "time": "06:21:32"
 }
][
 {
  "type": "ask",
  "price": 953.22986,
  "amount": 4.32638429,
  "time": "06:21:40"
 }
][
 {
  "type": "ask",
  "price": 952.85954,
  "amount": 0.239,
  "time": "06:22:01"
 }
][
 {
  "type": "bid",
  "price": 953.04802,
  "amount": 0.12248499,
  "time": "06:22:12"
 }
][
 {
  "type": "bid",
  "price": 953.60017,
  "amount": 0.027582,
  "time": "06:22:42"
 }
][
 {
  "type": "ask",
  "price": 953.74899,
  "amount": 3.913479,
  "time": "06:24:48"
 }
][
 {
  "type": "bid",
  "price": 955,
  "amount": 0.19745348,
  "time": "06:25:04"
 },
 {
  "type": "bid",
  "price": 955,
  "amount": 1.12234106,
  "time": "06:25:04"
 },
 {
  "type": "bid",
  "price": 955,
  "amount": 0.4472,
  "time": "06:25:04"
 },
 {
  "type": "bid",
  "price": 955,
  "amount": 0.01770436,
  "time": "06:25:04"
 },
 {
  "type": "bid",
  "price": 955,
  "amount": 0.499,
  "time": "06:25:04"
 },
 {
  "type": "bid",
  "price": 955,
  "amount": 0.01,
  "time": "06:25:04"
 },
 {
  "type": "bid",
  "price": 955,
  "amount": 0.026,
  "time": "06:25:04"
 },
 {
  "type": "bid",
  "price": 955,
  "amount": 0.01653,
  "time": "06:25:04"
 },
 {
  "type": "bid",
  "price": 955,
  "amount": 0.17290171,
  "time": "06:25:04"
 },
 {
  "type": "bid",
  "price": 955,
  "amount": 0.2,
  "time": "06:25:04"
 }
][
 {
  "type": "ask",
  "price": 953.60017,
  "amount": 0.14254652,
  "time": "06:25:18"
 },
 {
  "type": "ask",
  "price": 955,
  "amount": 0.00745348,
  "time": "06:25:18"
 },
 {
  "type": "bid",
  "price": 955,
  "amount": 0.00254652,
  "time": "06:25:17"
 }
][
 {
  "type": "ask",
  "price": 954.41964,
  "amount": 5.94110093,
  "time": "06:25:27"
 }
][
 {
  "type": "ask",
  "price": 954.41964,
  "amount": 0.0323626,
  "time": "06:25:49"
 }
][
 {
  "type": "ask",
  "price": 954.41964,
  "amount": 0.72079751,
  "time": "06:26:34"
 }
][
 {
  "type": "bid",
  "price": 955.23912,
  "amount": 0.10514737,
  "time": "06:27:05"
 }
][
 {
  "type": "ask",
  "price": 955.91731,
  "amount": 0.10399502,
  "time": "06:27:22"
 },
 {
  "type": "bid",
  "price": 955.555,
  "amount": 0.07984001,
  "time": "06:27:22"
 },
 {
  "type": "bid",
  "price": 955.51925,
  "amount": 0.0337389,
  "time": "06:27:22"
 }
][
 {
  "type": "ask",
  "price": 955.61956,
  "amount": 6.27459258,
  "time": "06:27:34"
 }
][
 {
  "type": "ask",
  "price": 956.19677,
  "amount": 0.02001151,
  "time": "06:27:37"
 },
 {
  "type": "bid",
  "price": 956,
  "amount": 0.11,
  "time": "06:27:35"
 },
 {
  "type": "bid",
  "price": 956,
  "amount": 0.15,
  "time": "06:27:35"
 }
][
 {
  "type": "ask",
  "price": 955.91731,
  "amount": 0.03453889,
  "time": "06:28:23"
 },
 {
  "type": "ask",
  "price": 955.91731,
  "amount": 0.36,
  "time": "06:28:22"
 }
][
 {
  "type": "bid",
  "price": 957,
  "amount": 0.00663666,
  "time": "06:29:12"
 },
 {
  "type": "bid",
  "price": 957,
  "amount": 0.01,
  "time": "06:29:12"
 },
 {
  "type": "bid",
  "price": 956.86839,
  "amount": 0.01157625,
  "time": "06:29:12"
 },
 {
  "type": "bid",
  "price": 956.59,
  "amount": 0.020908,
  "time": "06:29:12"
 },
 {
  "type": "bid",
  "price": 956.366,
  "amount": 0.05797318,
  "time": "06:29:12"
 },
 {
  "type": "bid",
  "price": 956.252,
  "amount": 0.0202639,
  "time": "06:29:12"
 }
][
 {
  "type": "ask",
  "price": 955.91731,
  "amount": 3.63299303,
  "time": "06:29:43"
 },
 {
  "type": "ask",
  "price": 955.91731,
  "amount": 0.96329627,
  "time": "06:29:43"
 }
][
 {
  "type": "ask",
  "price": 956.5,
  "amount": 2.62615029,
  "time": "06:29:46"
 }
][
 {
  "type": "bid",
  "price": 957,
  "amount": 0.23462276,
  "time": "06:30:23"
 },
 {
  "type": "bid",
  "price": 957,
  "amount": 0.12913435,
  "time": "06:30:23"
 }
][
 {
  "type": "ask",
  "price": 955.77178,
  "amount": 6.05594366,
  "time": "06:30:28"
 }
][
 {
  "type": "ask",
  "price": 956.05354,
  "amount": 6.01382948,
  "time": "06:31:07"
 }
][
 {
  "type": "ask",
  "price": 955.4489,
  "amount": 4.3318939,
  "time": "06:32:58"
 }
][
 {
  "type": "ask",
  "price": 957,
  "amount": 0.24013488,
  "time": "06:33:18"
 },
 {
  "type": "bid",
  "price": 957,
  "amount": 0.01537724,
  "time": "06:33:17"
 }
][
 {
  "type": "ask",
  "price": 957,
  "amount": 0.0483807,
  "time": "06:33:19"
 }
][
 {
  "type": "ask",
  "price": 957,
  "amount": 0.04823123,
  "time": "06:33:23"
 },
 {
  "type": "ask",
  "price": 957,
  "amount": 0.07735883,
  "time": "06:33:22"
 }
][
 {
  "type": "ask",
  "price": 957,
  "amount": 0.0513846,
  "time": "06:33:25"
 }
][
 {
  "type": "ask",
  "price": 957,
  "amount": 0.05985934,
  "time": "06:33:40"
 },
 {
  "type": "ask",
  "price": 957,
  "amount": 0.0272811,
  "time": "06:33:39"
 }
][
 {
  "type": "ask",
  "price": 957,
  "amount": 0.015,
  "time": "06:33:59"
 }
][
 {
  "type": "ask",
  "price": 957,
  "amount": 0.0370625,
  "time": "06:34:19"
 }
][
 {
  "type": "ask",
  "price": 957,
  "amount": 0.04799023,
  "time": "06:34:23"
 },
 {
  "type": "ask",
  "price": 957,
  "amount": 0.22966476,
  "time": "06:34:22"
 }
][
 {
  "type": "ask",
  "price": 957,
  "amount": 0.0116306,
  "time": "06:34:27"
 }
][
 {
  "type": "ask",
  "price": 957,
  "amount": 0.10042363,
  "time": "06:34:42"
 }
][
 {
  "type": "bid",
  "price": 958,
  "amount": 0.61174276,
  "time": "06:34:57"
 },
 {
  "type": "bid",
  "price": 957.9999,
  "amount": 0.02,
  "time": "06:34:57"
 },
 {
  "type": "bid",
  "price": 957.26429,
  "amount": 0.27762369,
  "time": "06:34:57"
 },
 {
  "type": "bid",
  "price": 957.23901,
  "amount": 0.0277385,
  "time": "06:34:57"
 },
 {
  "type": "bid",
  "price": 957.00806,
  "amount": 0.06289505,
  "time": "06:34:57"
 }
][
 {
  "type": "ask",
  "price": 957,
  "amount": 0.15368744,
  "time": "06:35:00"
 },
 {
  "type": "ask",
  "price": 957,
  "amount": 0.08273235,
  "time": "06:34:59"
 }
][
 {
  "type": "ask",
  "price": 957,
  "amount": 0.05059682,
  "time": "06:35:02"
 }
][
 {
  "type": "bid",
  "price": 957.5,
  "amount": 6.46438885,
  "time": "06:35:28"
 }
][
 {
  "type": "ask",
  "price": 957.5,
  "amount": 4.26310908,
  "time": "06:35:59"
 }
][
 {
  "type": "bid",
  "price": 957.5,
  "amount": 0.87790425,
  "time": "06:36:05"
 },
 {
  "type": "ask",
  "price": 958,
  "amount": 1.31797392,
  "time": "06:36:04"
 },
 {
  "type": "bid",
  "price": 958,
  "amount": 1.38924725,
  "time": "06:36:04"
 }
][
 {
  "type": "bid",
  "price": 957.89331,
  "amount": 2.81795303,
  "time": "06:36:10"
 }
][
 {
  "type": "bid",
  "price": 958.28662,
  "amount": 0.01565,
  "time": "06:36:12"
 }
][
 {
  "type": "ask",
  "price": 957.5,
  "amount": 0.27754494,
  "time": "06:36:24"
 }
][
 {
  "type": "ask",
  "price": 957.5,
  "amount": 0.019976,
  "time": "06:36:33"
 }
][
 {
  "type": "ask",
  "price": 957.5,
  "amount": 0.27754527,
  "time": "06:36:35"
 },
 {
  "type": "ask",
  "price": 957.5,
  "amount": 0.27697633,
  "time": "06:36:35"
 }
][
 {
  "type": "ask",
  "price": 957,
  "amount": 0.54909739,
  "time": "06:36:44"
 },
 {
  "type": "ask",
  "price": 957,
  "amount": 0.50591714,
  "time": "06:36:43"
 }
][
 {
  "type": "ask",
  "price": 957,
  "amount": 0.66925637,
  "time": "06:36:46"
 }
][
 {
  "type": "ask",
  "price": 957,
  "amount": 0.27220372,
  "time": "06:36:50"
 }
][
 {
  "type": "ask",
  "price": 958,
  "amount": 0.05664908,
  "time": "06:37:15"
 }
][
 {
  "type": "ask",
  "price": 958,
  "amount": 0.07914991,
  "time": "06:37:17"
 },
 {
  "type": "ask",
  "price": 958,
  "amount": 0.019976,
  "time": "06:37:17"
 }
][
 {
  "type": "ask",
  "price": 958,
  "amount": 0.01996,
  "time": "06:37:18"
 }
][
 {
  "type": "ask",
  "price": 958,
  "amount": 0.08426501,
  "time": "06:37:20"
 }
][
 {
  "type": "ask",
  "price": 957,
  "amount": 0.057096,
  "time": "06:37:23"
 }
][
 {
  "type": "ask",
  "price": 957,
  "amount": 0.01996,
  "time": "06:37:25"
 }
][
 {
  "type": "ask",
  "price": 957,
  "amount": 0.02967313,
  "time": "06:37:26"
 }
][
 {
  "type": "ask",
  "price": 955.41176,
  "amount": 0.04461072,
  "time": "06:39:23"
 }
][
 {
  "type": "ask",
  "price": 955.41176,
  "amount": 0.04549345,
  "time": "06:39:24"
 }
][
 {
  "type": "ask",
  "price": 953.60611,
  "amount": 0.04988606,
  "time": "06:39:31"
 },
 {
  "type": "ask",
  "price": 955.41176,
  "amount": 0.01456274,
  "time": "06:39:31"
 }
][
 {
  "type": "ask",
  "price": 955.63115,
  "amount": 2.82307439,
  "time": "06:39:41"
 }
][
 {
  "type": "ask",
  "price": 952.99,
  "amount": 0.0438,
  "time": "06:40:07"
 }
][
 {
  "type": "ask",
  "price": 955.63831,
  "amount": 2.48286184,
  "time": "06:40:10"
 }
][
 {
  "type": "ask",
  "price": 955.63831,
  "amount": 5.88410889,
  "time": "06:40:19"
 }
][
 {
  "type": "ask",
  "price": 955.82521,
  "amount": 6.38603772,
  "time": "06:41:05"
 }
][
 {
  "type": "ask",
  "price": 955.82521,
  "amount": 5.84758708,
  "time": "06:41:15"
 }
][
 {
  "type": "bid",
  "price": 953.3638,
  "amount": 0.01610011,
  "time": "06:41:36"
 }
][
 {
  "type": "ask",
  "price": 955.82521,
  "amount": 5.41502989,
  "time": "06:41:51"
 }
][
 {
  "type": "ask",
  "price": 953.3638,
  "amount": 0.1,
  "time": "06:41:54"
 }
][
 {
  "type": "bid",
  "price": 953.3638,
  "amount": 0.00913814,
  "time": "06:41:56"
 }
][
 {
  "type": "ask",
  "price": 953.7,
  "amount": 0.25,
  "time": "06:42:41"
 }
][
 {
  "type": "ask",
  "price": 955.99331,
  "amount": 5.74231638,
  "time": "06:43:06"
 }
][
 {
  "type": "ask",
  "price": 955.99381,
  "amount": 4.47691816,
  "time": "06:43:11"
 }
][
 {
  "type": "bid",
  "price": 958.28662,
  "amount": 0.18355637,
  "time": "06:43:24"
 },
 {
  "type": "bid",
  "price": 958.28662,
  "amount": 0.04244363,
  "time": "06:43:24"
 },
 {
  "type": "bid",
  "price": 958.28,
  "amount": 0.499,
  "time": "06:43:24"
 }
][
 {
  "type": "bid",
  "price": 958.745,
  "amount": 0.02296464,
  "time": "06:44:10"
 },
 {
  "type": "bid",
  "price": 958.61,
  "amount": 0.413,
  "time": "06:44:10"
 },
 {
  "type": "bid",
  "price": 958.28662,
  "amount": 0.8304014,
  "time": "06:44:10"
 }
][
 {
  "type": "bid",
  "price": 958.745,
  "amount": 0.0105304,
  "time": "06:45:21"
 }
][
 {
  "type": "bid",
  "price": 958.95248,
  "amount": 0.07997104,
  "time": "06:45:32"
 },
 {
  "type": "bid",
  "price": 958.745,
  "amount": 0.01032896,
  "time": "06:45:32"
 }
][
 {
  "type": "ask",
  "price": 958.745,
  "amount": 0.011,
  "time": "06:45:36"
 }
][
 {
  "type": "ask",
  "price": 958.48942,
  "amount": 1.89229893,
  "time": "06:46:52"
 },
 {
  "type": "bid",
  "price": 958.95248,
  "amount": 0.11270796,
  "time": "06:46:51"
 }
][
 {
  "type": "ask",
  "price": 958.48942,
  "amount": 2.18308993,
  "time": "06:47:05"
 }
][
 {
  "type": "ask",
  "price": 958.47624,
  "amount": 4.21479237,
  "time": "06:47:26"
 }
][
 {
  "type": "bid",
  "price": 958.95248,
  "amount": 0.1,
  "time": "06:47:31"
 }
][
 {
  "type": "bid",
  "price": 958.97883,
  "amount": 0.01215506,
  "time": "06:48:09"
 }
][
 {
  "type": "bid",
  "price": 960,
  "amount": 3.56350326,
  "time": "06:48:12"
 },
 {
  "type": "bid",
  "price": 960,
  "amount": 0.01,
  "time": "06:48:12"
 },
 {
  "type": "bid",
  "price": 960,
  "amount": 0.1882384,
  "time": "06:48:12"
 },
 {
  "type": "bid",
  "price": 960,
  "amount": 0.01,
  "time": "06:48:12"
 },
 {
  "type": "bid",
  "price": 959.999,
  "amount": 0.01,
  "time": "06:48:12"
 },
 {
  "type": "bid",
  "price": 959.999,
  "amount": 0.01,
  "time": "06:48:12"
 },
 {
  "type": "bid",
  "price": 959.85,
  "amount": 0.01,
  "time": "06:48:12"
 },
 {
  "type": "bid",
  "price": 959.84,
  "amount": 0.042647,
  "time": "06:48:12"
 },
 {
  "type": "bid",
  "price": 959.13602,
  "amount": 0.0660398,
  "time": "06:48:12"
 },
 {
  "type": "bid",
  "price": 959.08188,
  "amount": 0.0751469,
  "time": "06:48:12"
 }
][
 {
  "type": "bid",
  "price": 960,
  "amount": 1.6856911,
  "time": "06:48:35"
 }
][
 {
  "type": "ask",
  "price": 959.99904,
  "amount": 0.03121135,
  "time": "06:49:47"
 },
 {
  "type": "ask",
  "price": 959.99904,
  "amount": 0.04299473,
  "time": "06:49:45"
 }
][
 {
  "type": "bid",
  "price": 960,
  "amount": 0.05208333,
  "time": "06:49:57"
 }
][
 {
  "type": "ask",
  "price": 958.2,
  "amount": 0.012374,
  "time": "06:50:05"
 }
][
 {
  "type": "ask",
  "price": 959.1,
  "amount": 3.25414419,
  "time": "06:51:05"
 }
][
 {
  "type": "ask",
  "price": 958.2,
  "amount": 0.21937586,
  "time": "06:51:54"
 }
][
 {
  "type": "bid",
  "price": 960,
  "amount": 0.32672361,
  "time": "06:51:58"
 }
][
 {
  "type": "bid",
  "price": 960,
  "amount": 1.13459894,
  "time": "06:52:42"
 }
][
 {
  "type": "bid",
  "price": 960,
  "amount": 0.35990518,
  "time": "06:52:50"
 }
][
 {
  "type": "bid",
  "price": 960,
  "amount": 0.60128765,
  "time": "06:53:09"
 }
][
 {
  "type": "ask",
  "price": 959.105,
  "amount": 0.80956737,
  "time": "06:53:39"
 }
][
 {
  "type": "bid",
  "price": 960,
  "amount": 0.07042129,
  "time": "06:53:59"
 }
][
 {
  "type": "bid",
  "price": 960,
  "amount": 0.0303622,
  "time": "06:54:26"
 }
][
 {
  "type": "ask",
  "price": 959.105,
  "amount": 2.19159159,
  "time": "06:55:18"
 }
][
 {
  "type": "ask",
  "price": 959.105,
  "amount": 5.90524157,
  "time": "06:55:34"
 }
][
 {
  "type": "ask",
  "price": 959.105,
  "amount": 3.70268218,
  "time": "06:55:51"
 }
][
 {
  "type": "bid",
  "price": 959,
  "amount": 0.46293491,
  "time": "06:56:08"
 }
][
 {
  "type": "ask",
  "price": 958.605,
  "amount": 4.66678724,
  "time": "06:56:12"
 }
][
 {
  "type": "bid",
  "price": 959,
  "amount": 0.53706509,
  "time": "06:56:40"
 }
][
 {
  "type": "ask",
  "price": 959.105,
  "amount": 5.24399393,
  "time": "06:56:51"
 }
][
 {
  "type": "bid",
  "price": 959.0001,
  "amount": 0.01,
  "time": "06:57:26"
 }
][
 {
  "type": "ask",
  "price": 959.105,
  "amount": 1.19846202,
  "time": "06:57:46"
 }
][
 {
  "type": "ask",
  "price": 958.21,
  "amount": 0.06608,
  "time": "06:58:19"
 }
][
 {
  "type": "bid",
  "price": 958.21,
  "amount": 0.05987241,
  "time": "06:58:21"
 },
 {
  "type": "bid",
  "price": 958.21,
  "amount": 0.59728492,
  "time": "06:58:20"
 }
][
 {
  "type": "bid",
  "price": 958.21,
  "amount": 0.45647722,
  "time": "06:58:23"
 }
][
 {
  "type": "ask",
  "price": 957,
  "amount": 0.72170936,
  "time": "06:58:43"
 },
 {
  "type": "ask",
  "price": 958.2,
  "amount": 0.73825014,
  "time": "06:58:43"
 }
][
 {
  "type": "ask",
  "price": 958.49995,
  "amount": 2.91697246,
  "time": "06:58:54"
 }
][
 {
  "type": "bid",
  "price": 960,
  "amount": 1.67330004,
  "time": "06:59:13"
 },
 {
  "type": "bid",
  "price": 959.9999,
  "amount": 0.01,
  "time": "06:59:13"
 }
][
 {
  "type": "ask",
  "price": 958.5,
  "amount": 2.8473885,
  "time": "06:59:36"
 }
][
 {
  "type": "bid",
  "price": 960,
  "amount": 0.79143795,
  "time": "06:59:40"
 }
][
 {
  "type": "bid",
  "price": 960,
  "amount": 0.10520625,
  "time": "06:59:49"
 }
][
 {
  "type": "bid",
  "price": 960,
  "amount": 0.36653605,
  "time": "07:00:01"
 },
 {
  "type": "bid",
  "price": 960,
  "amount": 1.18047408,
  "time": "07:00:01"
 },
 {
  "type": "bid",
  "price": 960,
  "amount": 0.23910512,
  "time": "07:00:01"
 }
][
 {
  "type": "bid",
  "price": 960,
  "amount": 0.00938059,
  "time": "07:00:05"
 },
 {
  "type": "bid",
  "price": 960,
  "amount": 1.20433909,
  "time": "07:00:05"
 },
 {
  "type": "bid",
  "price": 960,
  "amount": 0.10168782,
  "time": "07:00:05"
 },
 {
  "type": "bid",
  "price": 960,
  "amount": 0.45048289,
  "time": "07:00:05"
 },
 {
  "type": "bid",
  "price": 960,
  "amount": 0.49346395,
