[
 {
  "type": "bid",
  "price": 1.23551,
  "amount": 818.22595574,
  "time": "22:57:35"
 },
 {
  "type": "bid",
  "price": 1.23551,
  "amount": 987.92710942,
  "time": "22:55:23"
 },
 {
  "type": "bid",
  "price": 1.23551,
  "amount": 4656.53465216,
  "time": "22:53:03"
 },
 {
  "type": "bid",
  "price": 1.23551,
  "amount": 1135.48428346,
  "time": "22:52:57"
 },
 {
  "type": "bid",
  "price": 1.23433,
  "amount": 5034.74194348,
  "time": "22:49:36"
 },
 {
  "type": "bid",
  "price": 1.23433,
  "amount": 2066.18661465,
  "time": "22:43:39"
 },
 {
  "type": "bid",
  "price": 1.23433,
  "amount": 5296.21931947,
  "time": "22:41:45"
 },
 {
  "type": "bid",
  "price": 1.23433,
  "amount": 1313.37915964,
  "time": "22:39:21"
 },
 {
  "type": "bid",
  "price": 1.23433,
  "amount": 1939.72374926,
  "time": "22:39:18"
 },
 {
  "type": "bid",
  "price": 1.23433,
  "amount": 4569.58115005,
  "time": "22:38:21"
 }
][
 {
  "type": "bid",
  "price": 1.23551,
  "amount": 818.22595574,
  "time": "22:57:35"
 },
 {
  "type": "bid",
  "price": 1.23551,
  "amount": 987.92710942,
  "time": "22:55:23"
 },
 {
  "type": "bid",
  "price": 1.23551,
  "amount": 4656.53465216,
  "time": "22:53:03"
 },
 {
  "type": "bid",
  "price": 1.23551,
  "amount": 1135.48428346,
  "time": "22:52:57"
 },
 {
  "type": "bid",
  "price": 1.23433,
  "amount": 5034.74194348,
  "time": "22:49:36"
 },
 {
  "type": "bid",
  "price": 1.23433,
  "amount": 2066.18661465,
  "time": "22:43:39"
 },
 {
  "type": "bid",
  "price": 1.23433,
  "amount": 5296.21931947,
  "time": "22:41:45"
 },
 {
  "type": "bid",
  "price": 1.23433,
  "amount": 1313.37915964,
  "time": "22:39:21"
 },
 {
  "type": "bid",
  "price": 1.23433,
  "amount": 1939.72374926,
  "time": "22:39:18"
 },
 {
  "type": "bid",
  "price": 1.23433,
  "amount": 4569.58115005,
  "time": "22:38:21"
 }
][
 {
  "type": "bid",
  "price": 1.23717,
  "amount": 10.03909717,
  "time": "00:47:33"
 },
 {
  "type": "bid",
  "price": 1.23717,
  "amount": 1.00000009,
  "time": "00:47:33"
 },
 {
  "type": "ask",
  "price": 1.23716,
  "amount": 0.45040133,
  "time": "00:44:31"
 },
 {
  "type": "ask",
  "price": 1.23716,
  "amount": 34.28814218,
  "time": "00:41:43"
 },
 {
  "type": "bid",
  "price": 1.23716,
  "amount": 10.01128091,
  "time": "00:39:08"
 },
 {
  "type": "bid",
  "price": 1.23716,
  "amount": 1.00000009,
  "time": "00:39:08"
 },
 {
  "type": "bid",
  "price": 1.23715,
  "amount": 10.01128091,
  "time": "00:37:45"
 },
 {
  "type": "bid",
  "price": 1.23715,
  "amount": 10.01128091,
  "time": "00:37:45"
 },
 {
  "type": "bid",
  "price": 1.23715,
  "amount": 10.01128091,
  "time": "00:37:45"
 },
 {
  "type": "bid",
  "price": 1.23715,
  "amount": 10.01128091,
  "time": "00:37:45"
 }
][
 {
  "type": "ask",
  "price": 1.23716,
  "amount": 0.41820061,
  "time": "00:49:17"
 }
][
 {
  "type": "bid",
  "price": 1.2372,
  "amount": 10.03909717,
  "time": "00:50:05"
 },
 {
  "type": "bid",
  "price": 1.2372,
  "amount": 1.00000009,
  "time": "00:50:05"
 },
 {
  "type": "bid",
  "price": 1.23719,
  "amount": 1.00000009,
  "time": "00:50:05"
 },
 {
  "type": "bid",
  "price": 1.23718,
  "amount": 1.00000009,
  "time": "00:50:05"
 }
][
 {
  "type": "bid",
  "price": 1.23718,
  "amount": 1339.34279347,
  "time": "00:52:33"
 }
][
 {
  "type": "bid",
  "price": 1.23718,
  "amount": 4966.66651882,
  "time": "00:52:59"
 }
][
 {
  "type": "ask",
  "price": 1.23716,
  "amount": 0.38841013,
  "time": "00:53:06"
 }
][
 {
  "type": "bid",
  "price": 1.23718,
  "amount": 5080.57407636,
  "time": "00:53:49"
 }
][
 {
  "type": "bid",
  "price": 1.23723,
  "amount": 7.29142672,
  "time": "00:54:14"
 },
 {
  "type": "bid",
  "price": 1.23722,
  "amount": 1.00000009,
  "time": "00:54:14"
 },
 {
  "type": "bid",
  "price": 1.23721,
  "amount": 1.00000009,
  "time": "00:54:14"
 }
][
 {
  "type": "bid",
  "price": 1.23726,
  "amount": 1.00000009,
  "time": "00:54:19"
 },
 {
  "type": "bid",
  "price": 1.23726,
  "amount": 10.03909717,
  "time": "00:54:19"
 },
 {
  "type": "bid",
  "price": 1.23725,
  "amount": 1.00000009,
  "time": "00:54:19"
 },
 {
  "type": "bid",
  "price": 1.23725,
  "amount": 0.1020192,
  "time": "00:54:19"
 },
 {
  "type": "bid",
  "price": 1.23724,
  "amount": 1.00000009,
  "time": "00:54:19"
 },
 {
  "type": "bid",
  "price": 1.23723,
  "amount": 1.00000009,
  "time": "00:54:19"
 },
 {
  "type": "bid",
  "price": 1.23723,
  "amount": 2.74767045,
  "time": "00:54:19"
 }
][
 {
  "type": "bid",
  "price": 1.23721,
  "amount": 1134.88917486,
  "time": "00:54:36"
 }
][
 {
  "type": "ask",
  "price": 1.23716,
  "amount": 1.28282503,
  "time": "00:55:09"
 }
][
 {
  "type": "bid",
  "price": 1.23618,
  "amount": 4060.5707571,
  "time": "00:57:03"
 }
][
 {
  "type": "bid",
  "price": 1.23727,
  "amount": 7.47168576,
  "time": "00:57:08"
 },
 {
  "type": "bid",
  "price": 1.23726,
  "amount": 0.11,
  "time": "00:57:08"
 },
 {
  "type": "bid",
  "price": 1.23725,
  "amount": 0.11,
  "time": "00:57:08"
 }
][
 {
  "type": "bid",
  "price": 1.2373,
  "amount": 1.00000009,
  "time": "00:58:03"
 },
 {
  "type": "bid",
  "price": 1.2373,
  "amount": 0.1,
  "time": "00:58:03"
 },
 {
  "type": "bid",
  "price": 1.23729,
  "amount": 1.00000009,
  "time": "00:58:03"
 },
 {
  "type": "bid",
  "price": 1.23728,
  "amount": 1.00000009,
  "time": "00:58:03"
 },
 {
  "type": "bid",
  "price": 1.23727,
  "amount": 0.11,
  "time": "00:58:03"
 },
 {
  "type": "bid",
  "price": 1.23727,
  "amount": 1.00000009,
  "time": "00:58:03"
 },
 {
  "type": "bid",
  "price": 1.23727,
  "amount": 2.77024095,
  "time": "00:58:03"
 }
][
 {
  "type": "bid",
  "price": 1.23737,
  "amount": 0.149999,
  "time": "00:58:08"
 },
 {
  "type": "bid",
  "price": 1.23737,
  "amount": 1.00000009,
  "time": "00:58:08"
 },
 {
  "type": "bid",
  "price": 1.23737,
  "amount": 1.00000009,
  "time": "00:58:08"
 },
 {
  "type": "bid",
  "price": 1.23736,
  "amount": 1.00000009,
  "time": "00:58:08"
 },
 {
  "type": "bid",
  "price": 1.23736,
  "amount": 1.00000009,
  "time": "00:58:08"
 },
 {
  "type": "bid",
  "price": 1.23735,
  "amount": 1.00000009,
  "time": "00:58:08"
 },
 {
  "type": "bid",
  "price": 1.23735,
  "amount": 1.00000009,
  "time": "00:58:08"
 },
 {
  "type": "bid",
  "price": 1.23735,
  "amount": 0.10161212,
  "time": "00:58:08"
 },
 {
  "type": "bid",
  "price": 1.23734,
  "amount": 1.00000009,
  "time": "00:58:07"
 },
 {
  "type": "bid",
  "price": 1.23734,
  "amount": 1.00000009,
  "time": "00:58:07"
 }
][
 {
  "type": "bid",
  "price": 1.2374,
  "amount": 99.8,
  "time": "00:58:09"
 },
 {
  "type": "bid",
  "price": 1.2374,
  "amount": 1.00000009,
  "time": "00:58:09"
 },
 {
  "type": "bid",
  "price": 1.2374,
  "amount": 1.00000009,
  "time": "00:58:09"
 },
 {
  "type": "bid",
  "price": 1.23739,
  "amount": 0.1208068,
  "time": "00:58:09"
 },
 {
  "type": "bid",
  "price": 1.23739,
  "amount": 1.00000009,
  "time": "00:58:09"
 },
 {
  "type": "bid",
  "price": 1.23739,
  "amount": 1.00000009,
  "time": "00:58:09"
 },
 {
  "type": "bid",
  "price": 1.23738,
  "amount": 1.00000009,
  "time": "00:58:09"
 },
 {
  "type": "bid",
  "price": 1.23738,
  "amount": 1.00000009,
  "time": "00:58:09"
 }
][
 {
  "type": "bid",
  "price": 1.23748,
  "amount": 1.00000009,
  "time": "00:58:12"
 },
 {
  "type": "bid",
  "price": 1.23748,
  "amount": 1.00000009,
  "time": "00:58:12"
 },
 {
  "type": "bid",
  "price": 1.23747,
  "amount": 1.00000009,
  "time": "00:58:12"
 },
 {
  "type": "bid",
  "price": 1.23747,
  "amount": 1.00000009,
  "time": "00:58:12"
 },
 {
  "type": "bid",
  "price": 1.23746,
  "amount": 1.00000009,
  "time": "00:58:12"
 },
 {
  "type": "bid",
  "price": 1.23746,
  "amount": 1.00000009,
  "time": "00:58:12"
 },
 {
  "type": "bid",
  "price": 1.23745,
  "amount": 1.00000009,
  "time": "00:58:12"
 },
 {
  "type": "bid",
  "price": 1.23745,
  "amount": 1.00000009,
  "time": "00:58:12"
 },
 {
  "type": "bid",
  "price": 1.23745,
  "amount": 0.10153091,
  "time": "00:58:12"
 },
 {
  "type": "bid",
  "price": 1.23744,
  "amount": 1.00000009,
  "time": "00:58:11"
 }
][
 {
  "type": "bid",
  "price": 1.2363,
  "amount": 1608.38874798,
  "time": "00:59:32"
 }
][
 {
  "type": "bid",
  "price": 1.2363,
  "amount": 4780.54192598,
  "time": "01:00:05"
 }
][
 {
  "type": "bid",
  "price": 1.2375,
  "amount": 11.91083024,
  "time": "01:00:34"
 },
 {
  "type": "bid",
  "price": 1.2375,
  "amount": 1.00000009,
  "time": "01:00:34"
 },
 {
  "type": "bid",
  "price": 1.2375,
  "amount": 1.00000009,
  "time": "01:00:34"
 },
 {
  "type": "bid",
  "price": 1.2375,
  "amount": 0.1,
  "time": "01:00:34"
 },
 {
  "type": "bid",
  "price": 1.23749,
  "amount": 0.11,
  "time": "01:00:34"
 },
 {
  "type": "bid",
  "price": 1.23749,
  "amount": 1.00000009,
  "time": "01:00:34"
 },
 {
  "type": "bid",
  "price": 1.23749,
  "amount": 1.00000009,
  "time": "01:00:34"
 },
 {
  "type": "bid",
  "price": 1.23748,
  "amount": 1,
  "time": "01:00:34"
 },
 {
  "type": "bid",
  "price": 1.23747,
  "amount": 0.11,
  "time": "01:00:34"
 },
 {
  "type": "bid",
  "price": 1.23746,
  "amount": 0.11,
  "time": "01:00:34"
 }
][
 {
  "type": "bid",
  "price": 1.23631,
  "amount": 4970.46655663,
  "time": "01:03:11"
 }
][
 {
  "type": "bid",
  "price": 1.2363,
  "amount": 2868.31226146,
  "time": "01:04:48"
 }
][
 {
  "type": "bid",
  "price": 1.23751,
  "amount": 0.13464,
  "time": "01:05:22"
 },
 {
  "type": "bid",
  "price": 1.2375,
  "amount": 0.11,
  "time": "01:05:22"
 },
 {
  "type": "bid",
  "price": 1.23749,
  "amount": 0.11,
  "time": "01:05:22"
 }
][
 {
  "type": "bid",
  "price": 1.23631,
  "amount": 5314.17810561,
  "time": "01:07:37"
 }
][
 {
  "type": "bid",
  "price": 1.2363,
  "amount": 1881.51950021,
  "time": "01:07:43"
 }
][
 {
  "type": "bid",
  "price": 1.23751,
  "amount": 10.00000091,
  "time": "01:07:46"
 },
 {
  "type": "bid",
  "price": 1.23751,
  "amount": 1.00000009,
  "time": "01:07:46"
 },
 {
  "type": "bid",
  "price": 1.23751,
  "amount": 0.86536009,
  "time": "01:07:46"
 },
 {
  "type": "bid",
  "price": 1.2375,
  "amount": 5,
  "time": "01:07:46"
 },
 {
  "type": "bid",
  "price": 1.23749,
  "amount": 0.11,
  "time": "01:07:46"
 }
][
 {
  "type": "bid",
  "price": 1.23752,
  "amount": 10.00000091,
  "time": "01:07:48"
 },
 {
  "type": "bid",
  "price": 1.23752,
  "amount": 1.00000009,
  "time": "01:07:48"
 },
 {
  "type": "bid",
  "price": 1.23752,
  "amount": 1.00000009,
  "time": "01:07:48"
 }
][
 {
  "type": "bid",
  "price": 1.23753,
  "amount": 10.00000091,
  "time": "01:07:49"
 },
 {
  "type": "bid",
  "price": 1.23753,
  "amount": 1.00000009,
  "time": "01:07:49"
 },
 {
  "type": "bid",
  "price": 1.23753,
  "amount": 1.00000009,
  "time": "01:07:49"
 }
][
 {
  "type": "bid",
  "price": 1.23755,
  "amount": 4.11299058,
  "time": "01:07:52"
 },
 {
  "type": "bid",
  "price": 1.23755,
  "amount": 1.00000009,
  "time": "01:07:52"
 },
 {
  "type": "bid",
  "price": 1.23755,
  "amount": 1.00000009,
  "time": "01:07:52"
 },
 {
  "type": "bid",
  "price": 1.23755,
  "amount": 0.10120668,
  "time": "01:07:52"
 },
 {
  "type": "bid",
  "price": 1.23754,
  "amount": 10.00000091,
  "time": "01:07:50"
 },
 {
  "type": "bid",
  "price": 1.23754,
  "amount": 1.00000009,
  "time": "01:07:50"
 },
 {
  "type": "bid",
  "price": 1.23754,
  "amount": 1.00000009,
  "time": "01:07:50"
 }
][
 {
  "type": "bid",
  "price": 1.23686,
  "amount": 0.1,
  "time": "01:09:42"
 }
][
 {
  "type": "ask",
  "price": 1.23712,
  "amount": 0.050001,
  "time": "01:09:44"
 },
 {
  "type": "bid",
  "price": 1.23686,
  "amount": 0.049999,
  "time": "01:09:43"
 }
][
 {
  "type": "ask",
  "price": 1.23662,
  "amount": 0.1,
  "time": "01:11:00"
 }
][
 {
  "type": "bid",
  "price": 1.23649,
  "amount": 647.25627644,
  "time": "01:14:05"
 }
][
 {
  "type": "bid",
  "price": 1.23648,
  "amount": 5074.71735864,
  "time": "01:17:26"
 }
][
 {
  "type": "bid",
  "price": 1.23648,
  "amount": 704.70782056,
  "time": "01:17:30"
 }
][
 {
  "type": "bid",
  "price": 1.23626,
  "amount": 1625.10273439,
  "time": "01:23:47"
 }
][
 {
  "type": "ask",
  "price": 1.23613,
  "amount": 1,
  "time": "01:29:31"
 }
][
 {
  "type": "ask",
  "price": 1.23613,
  "amount": 0.48115519,
  "time": "01:30:03"
 }
][
 {
  "type": "ask",
  "price": 1.23613,
  "amount": 0.39,
  "time": "01:30:41"
 }
][
 {
  "type": "ask",
  "price": 1.23612,
  "amount": 0.1,
  "time": "01:31:31"
 },
 {
  "type": "bid",
  "price": 1.23649,
  "amount": 1286.89067965,
  "time": "01:31:31"
 }
][
 {
  "type": "bid",
  "price": 1.23587,
  "amount": 1353.12187283,
  "time": "01:31:58"
 }
][
 {
  "type": "bid",
  "price": 1.23686,
  "amount": 0.099998,
  "time": "01:32:02"
 },
 {
  "type": "bid",
  "price": 1.23612,
  "amount": 0.01,
  "time": "01:32:02"
 }
][
 {
  "type": "bid",
  "price": 1.23712,
  "amount": 1724.51151722,
  "time": "01:32:31"
 }
][
 {
  "type": "bid",
  "price": 1.2365,
  "amount": 2177.14654266,
  "time": "01:33:38"
 }
][
 {
  "type": "bid",
  "price": 1.23737,
  "amount": 0.149999,
  "time": "01:33:57"
 }
][
 {
  "type": "bid",
  "price": 1.23742,
  "amount": 5358.36172645,
  "time": "01:34:00"
 }
][
 {
  "type": "bid",
  "price": 1.23658,
  "amount": 4811.3234117,
  "time": "01:34:39"
 }
][
 {
  "type": "bid",
  "price": 1.23755,
  "amount": 2.25255396,
  "time": "01:34:47"
 }
][
 {
  "type": "bid",
  "price": 1.23658,
  "amount": 4868.219628,
  "time": "01:36:10"
 }
][
 {
  "type": "bid",
  "price": 1.23658,
  "amount": 3499.814475,
  "time": "01:37:15"
 }
][
 {
  "type": "bid",
  "price": 1.23756,
  "amount": 10.00000091,
  "time": "01:37:48"
 },
 {
  "type": "bid",
  "price": 1.23756,
  "amount": 1.00000009,
  "time": "01:37:48"
 },
 {
  "type": "bid",
  "price": 1.23756,
  "amount": 1.00000009,
  "time": "01:37:48"
 },
 {
  "type": "bid",
  "price": 1.23755,
  "amount": 3.63445637,
  "time": "01:37:48"
 }
][
 {
  "type": "bid",
  "price": 1.23758,
  "amount": 10.00000091,
  "time": "01:38:06"
 },
 {
  "type": "bid",
  "price": 1.23758,
  "amount": 1.00000009,
  "time": "01:38:06"
 },
 {
  "type": "bid",
  "price": 1.23758,
  "amount": 1.00000009,
  "time": "01:38:06"
 },
 {
  "type": "bid",
  "price": 1.23757,
  "amount": 10.00000091,
  "time": "01:38:06"
 },
 {
  "type": "bid",
  "price": 1.23757,
  "amount": 1.00000009,
  "time": "01:38:06"
 },
 {
  "type": "bid",
  "price": 1.23757,
  "amount": 1.00000009,
  "time": "01:38:06"
 }
][
 {
  "type": "bid",
  "price": 1.23762,
  "amount": 10.00000091,
  "time": "01:38:10"
 },
 {
  "type": "bid",
  "price": 1.23762,
  "amount": 1.00000009,
  "time": "01:38:10"
 },
 {
  "type": "bid",
  "price": 1.23761,
  "amount": 10.00000091,
  "time": "01:38:10"
 },
 {
  "type": "bid",
  "price": 1.23761,
  "amount": 1.00000009,
  "time": "01:38:10"
 },
 {
  "type": "bid",
  "price": 1.2376,
  "amount": 10.00000091,
  "time": "01:38:09"
 },
 {
  "type": "bid",
  "price": 1.2376,
  "amount": 1.00000009,
  "time": "01:38:09"
 },
 {
  "type": "bid",
  "price": 1.2376,
  "amount": 1.00000009,
  "time": "01:38:09"
 },
 {
  "type": "bid",
  "price": 1.23759,
  "amount": 10.00000091,
  "time": "01:38:09"
 },
 {
  "type": "bid",
  "price": 1.23759,
  "amount": 1.00000009,
  "time": "01:38:09"
 },
 {
  "type": "bid",
  "price": 1.23759,
  "amount": 1.00000009,
  "time": "01:38:09"
 }
][
 {
  "type": "bid",
  "price": 1.23765,
  "amount": 5.08979999,
  "time": "01:38:11"
 },
 {
  "type": "bid",
  "price": 1.23765,
  "amount": 10.00000091,
  "time": "01:38:11"
 },
 {
  "type": "bid",
  "price": 1.23765,
  "amount": 1.00000009,
  "time": "01:38:11"
 },
 {
  "type": "bid",
  "price": 1.23765,
  "amount": 0.10104495,
  "time": "01:38:11"
 },
 {
  "type": "bid",
  "price": 1.23764,
  "amount": 10.00000091,
  "time": "01:38:11"
 },
 {
  "type": "bid",
  "price": 1.23764,
  "amount": 1.00000009,
  "time": "01:38:11"
 }
][
 {
  "type": "bid",
  "price": 1.23767,
  "amount": 10.00000091,
  "time": "01:38:14"
 },
 {
  "type": "bid",
  "price": 1.23767,
  "amount": 1.00000009,
  "time": "01:38:14"
 },
 {
  "type": "bid",
  "price": 1.23766,
  "amount": 10.00000091,
  "time": "01:38:14"
 },
 {
  "type": "bid",
  "price": 1.23766,
  "amount": 1.00000009,
  "time": "01:38:14"
 }
][
 {
  "type": "bid",
  "price": 1.23769,
  "amount": 8.61672952,
  "time": "01:38:16"
 },
 {
  "type": "bid",
  "price": 1.23769,
  "amount": 1.00000009,
  "time": "01:38:16"
 },
 {
  "type": "bid",
  "price": 1.23768,
  "amount": 10.00000091,
  "time": "01:38:16"
 },
 {
  "type": "bid",
  "price": 1.23768,
  "amount": 1.00000009,
  "time": "01:38:16"
 }
][
 {
  "type": "bid",
  "price": 1.23771,
  "amount": 10.00000091,
  "time": "01:38:35"
 },
 {
  "type": "bid",
  "price": 1.23771,
  "amount": 1.00000009,
  "time": "01:38:35"
 },
 {
  "type": "bid",
  "price": 1.2377,
  "amount": 10.00000091,
  "time": "01:38:35"
 },
 {
  "type": "bid",
  "price": 1.2377,
  "amount": 1.00000009,
  "time": "01:38:35"
 },
 {
  "type": "bid",
  "price": 1.2377,
  "amount": 0.1,
  "time": "01:38:35"
 },
 {
  "type": "bid",
  "price": 1.23769,
  "amount": 1.38327139,
  "time": "01:38:35"
 }
][
 {
  "type": "bid",
  "price": 1.23773,
  "amount": 10.00000091,
  "time": "01:38:38"
 },
 {
  "type": "bid",
  "price": 1.23773,
  "amount": 1.00000009,
  "time": "01:38:38"
 },
 {
  "type": "bid",
  "price": 1.23772,
  "amount": 0.1030476,
  "time": "01:38:38"
 },
 {
  "type": "bid",
  "price": 1.23772,
  "amount": 10.00000091,
  "time": "01:38:38"
 },
 {
  "type": "bid",
  "price": 1.23772,
  "amount": 1.00000009,
  "time": "01:38:38"
 }
][
 {
  "type": "bid",
  "price": 1.23668,
  "amount": 3661.02464263,
  "time": "01:40:17"
 }
][
 {
  "type": "bid",
  "price": 1.23775,
  "amount": 10.00000091,
  "time": "01:41:39"
 },
 {
  "type": "bid",
  "price": 1.23775,
  "amount": 1.00000009,
  "time": "01:41:39"
 },
 {
  "type": "bid",
  "price": 1.23775,
  "amount": 0.10112578,
  "time": "01:41:39"
 },
 {
  "type": "bid",
  "price": 1.23774,
  "amount": 10.00000091,
  "time": "01:41:39"
 },
 {
  "type": "bid",
  "price": 1.23774,
  "amount": 1.00000009,
  "time": "01:41:39"
 }
][
 {
  "type": "bid",
  "price": 1.23776,
  "amount": 4.34864659,
  "time": "01:42:07"
 },
 {
  "type": "bid",
  "price": 1.23776,
  "amount": 10.00000091,
  "time": "01:42:07"
 },
 {
  "type": "bid",
  "price": 1.23776,
  "amount": 1.00000009,
  "time": "01:42:07"
 }
][
 {
  "type": "bid",
  "price": 1.2378,
  "amount": 10.00000091,
  "time": "01:42:34"
 },
 {
  "type": "bid",
  "price": 1.2378,
  "amount": 1.00000009,
  "time": "01:42:34"
 },
 {
  "type": "bid",
  "price": 1.23779,
  "amount": 10.00000091,
  "time": "01:42:34"
 },
 {
  "type": "bid",
  "price": 1.23779,
  "amount": 1.00000009,
  "time": "01:42:34"
 },
 {
  "type": "bid",
  "price": 1.23778,
  "amount": 10.00000091,
  "time": "01:42:33"
 },
 {
  "type": "bid",
  "price": 1.23778,
  "amount": 1.00000009,
  "time": "01:42:33"
 },
 {
  "type": "bid",
  "price": 1.23777,
  "amount": 10.00000091,
  "time": "01:42:33"
 },
 {
  "type": "bid",
  "price": 1.23777,
  "amount": 1.00000009,
  "time": "01:42:32"
 }
][
 {
  "type": "bid",
  "price": 1.23784,
  "amount": 10.00000091,
  "time": "01:42:38"
 },
 {
  "type": "bid",
  "price": 1.23784,
  "amount": 1.00000009,
  "time": "01:42:38"
 },
 {
  "type": "bid",
  "price": 1.23783,
  "amount": 10.00000091,
  "time": "01:42:38"
 },
 {
  "type": "bid",
  "price": 1.23783,
  "amount": 1.00000009,
  "time": "01:42:38"
 },
 {
  "type": "bid",
  "price": 1.23782,
  "amount": 10.00000091,
  "time": "01:42:36"
 },
 {
  "type": "bid",
  "price": 1.23782,
  "amount": 1.00000009,
  "time": "01:42:36"
 },
 {
  "type": "bid",
  "price": 1.23781,
  "amount": 10.00000091,
  "time": "01:42:36"
 },
 {
  "type": "bid",
  "price": 1.23781,
  "amount": 1.00000009,
  "time": "01:42:36"
 }
][
 {
  "type": "bid",
  "price": 1.23786,
  "amount": 0.19234935,
  "time": "01:43:16"
 },
 {
  "type": "bid",
  "price": 1.23786,
  "amount": 1.00000009,
  "time": "01:43:16"
 },
 {
  "type": "bid",
  "price": 1.23785,
  "amount": 10.00000091,
  "time": "01:43:16"
 },
 {
  "type": "bid",
  "price": 1.23785,
  "amount": 1.00000009,
  "time": "01:43:16"
 },
 {
  "type": "bid",
  "price": 1.23785,
  "amount": 0.10120668,
  "time": "01:43:16"
 }
][
 {
  "type": "bid",
  "price": 1.23821,
  "amount": 30,
  "time": "01:43:18"
 },
 {
  "type": "bid",
  "price": 1.23821,
  "amount": 10.00000091,
  "time": "01:43:18"
 },
 {
  "type": "bid",
  "price": 1.23821,
  "amount": 1.00000009,
  "time": "01:43:18"
 },
 {
  "type": "bid",
  "price": 1.2382,
  "amount": 10.00000091,
  "time": "01:43:18"
 },
 {
  "type": "bid",
  "price": 1.2382,
  "amount": 1.00000009,
  "time": "01:43:18"
 },
 {
  "type": "bid",
  "price": 1.23819,
  "amount": 10.00000091,
  "time": "01:43:18"
 },
 {
  "type": "bid",
  "price": 1.23819,
  "amount": 1.00000009,
  "time": "01:43:18"
 },
 {
  "type": "bid",
  "price": 1.23818,
  "amount": 10.00000091,
  "time": "01:43:18"
 },
 {
  "type": "bid",
  "price": 1.23818,
  "amount": 1.00000009,
  "time": "01:43:18"
 },
 {
  "type": "bid",
  "price": 1.23817,
  "amount": 10.00000091,
  "time": "01:43:18"
 }
][
 {
  "type": "bid",
  "price": 1.23825,
  "amount": 44.83348467,
  "time": "01:43:18"
 },
 {
  "type": "bid",
  "price": 1.23825,
  "amount": 10.00000091,
  "time": "01:43:18"
 },
 {
  "type": "bid",
  "price": 1.23825,
  "amount": 1.00000009,
  "time": "01:43:18"
 },
 {
  "type": "bid",
  "price": 1.23825,
  "amount": 0.10096418,
  "time": "01:43:18"
 },
 {
  "type": "bid",
  "price": 1.23824,
  "amount": 10.00000091,
  "time": "01:43:18"
 },
 {
  "type": "bid",
  "price": 1.23824,
  "amount": 1.00000009,
  "time": "01:43:18"
 },
 {
  "type": "bid",
  "price": 1.23823,
  "amount": 10.00000091,
  "time": "01:43:18"
 },
 {
  "type": "bid",
  "price": 1.23823,
  "amount": 1.00000009,
  "time": "01:43:18"
 },
 {
  "type": "bid",
  "price": 1.23822,
  "amount": 10.00000091,
  "time": "01:43:18"
 },
 {
  "type": "bid",
  "price": 1.23822,
  "amount": 1.00000009,
  "time": "01:43:18"
 }
][
 {
  "type": "bid",
  "price": 1.23827,
  "amount": 10.00000091,
  "time": "01:43:52"
 },
 {
  "type": "bid",
  "price": 1.23827,
  "amount": 1.00000009,
  "time": "01:43:52"
 },
 {
  "type": "bid",
  "price": 1.23826,
  "amount": 10.00000091,
  "time": "01:43:52"
 },
 {
  "type": "bid",
  "price": 1.23826,
  "amount": 1.00000009,
  "time": "01:43:52"
 }
][
 {
  "type": "bid",
  "price": 1.23829,
  "amount": 10.00000091,
  "time": "01:43:53"
 },
 {
  "type": "bid",
  "price": 1.23829,
  "amount": 1.00000009,
  "time": "01:43:53"
 },
 {
  "type": "bid",
  "price": 1.23828,
  "amount": 10.00000091,
  "time": "01:43:53"
 },
 {
  "type": "bid",
  "price": 1.23828,
  "amount": 1.00000009,
  "time": "01:43:53"
 }
][
 {
  "type": "bid",
  "price": 1.2383,
  "amount": 94.83018059,
  "time": "01:43:55"
 },
 {
  "type": "bid",
  "price": 1.2383,
  "amount": 10.00000091,
  "time": "01:43:55"
 },
 {
  "type": "bid",
  "price": 1.2383,
  "amount": 1.00000009,
  "time": "01:43:55"
 },
 {
  "type": "bid",
  "price": 1.2383,
  "amount": 0.1,
  "time": "01:43:55"
 }
][
 {
  "type": "bid",
  "price": 1.2383,
  "amount": 16.37224941,
  "time": "01:44:07"
 }
][
 {
  "type": "bid",
  "price": 1.23832,
  "amount": 10.00000091,
  "time": "01:44:17"
 },
 {
  "type": "bid",
  "price": 1.23832,
  "amount": 1.00000009,
  "time": "01:44:17"
 },
 {
  "type": "bid",
  "price": 1.23831,
  "amount": 10.00000091,
  "time": "01:44:17"
 },
 {
  "type": "bid",
  "price": 1.23831,
  "amount": 1.00000009,
  "time": "01:44:17"
 }
][
 {
  "type": "bid",
  "price": 1.23834,
  "amount": 10.00000091,
  "time": "01:44:20"
 },
 {
  "type": "bid",
  "price": 1.23834,
  "amount": 1.00000009,
  "time": "01:44:20"
 },
 {
  "type": "bid",
  "price": 1.23833,
  "amount": 10.00000091,
  "time": "01:44:20"
 },
 {
  "type": "bid",
  "price": 1.23833,
  "amount": 1.00000009,
  "time": "01:44:20"
 }
][
 {
  "type": "bid",
  "price": 1.23838,
  "amount": 69.00711455,
  "time": "01:44:22"
 },
 {
  "type": "bid",
  "price": 1.23838,
  "amount": 10.00000091,
  "time": "01:44:22"
 },
 {
  "type": "bid",
  "price": 1.23838,
  "amount": 1.00000009,
  "time": "01:44:22"
 },
 {
  "type": "bid",
  "price": 1.23837,
  "amount": 10.00000091,
  "time": "01:44:22"
 },
 {
  "type": "bid",
  "price": 1.23837,
  "amount": 1.00000009,
  "time": "01:44:22"
 },
 {
  "type": "bid",
  "price": 1.23836,
  "amount": 5.08979999,
  "time": "01:44:21"
 },
 {
  "type": "bid",
  "price": 1.23836,
  "amount": 0.10083628,
  "time": "01:44:21"
 },
 {
  "type": "bid",
  "price": 1.23836,
  "amount": 10.00000091,
  "time": "01:44:21"
 },
 {
  "type": "bid",
  "price": 1.23836,
  "amount": 1.00000009,
  "time": "01:44:21"
 },
 {
  "type": "bid",
  "price": 1.23835,
  "amount": 10.00000091,
  "time": "01:44:21"
 }
][
 {
  "type": "bid",
  "price": 1.23838,
  "amount": 30.26857196,
  "time": "01:44:29"
 }
][
 {
  "type": "bid",
  "price": 1.2384,
  "amount": 10.00000091,
  "time": "01:44:32"
 },
 {
  "type": "bid",
  "price": 1.2384,
  "amount": 1.00000009,
  "time": "01:44:32"
 },
 {
  "type": "bid",
  "price": 1.23839,
  "amount": 0.149999,
  "time": "01:44:32"
 },
 {
  "type": "bid",
  "price": 1.23839,
  "amount": 10.00000091,
  "time": "01:44:32"
 },
 {
  "type": "bid",
  "price": 1.23839,
  "amount": 1.00000009,
  "time": "01:44:32"
 }
][
 {
  "type": "bid",
  "price": 1.23842,
  "amount": 10.00000091,
  "time": "01:44:34"
 },
 {
  "type": "bid",
  "price": 1.23842,
  "amount": 1.00000009,
  "time": "01:44:34"
 },
 {
  "type": "bid",
  "price": 1.23841,
  "amount": 10.00000091,
  "time": "01:44:34"
 },
 {
  "type": "bid",
  "price": 1.23841,
  "amount": 1.00000009,
  "time": "01:44:34"
 }
][
 {
  "type": "bid",
  "price": 1.23846,
  "amount": 10.00000091,
  "time": "01:44:36"
 },
 {
  "type": "bid",
  "price": 1.23846,
  "amount": 1.00000009,
  "time": "01:44:36"
 },
 {
  "type": "bid",
  "price": 1.23845,
  "amount": 10.00000091,
  "time": "01:44:36"
 },
 {
  "type": "bid",
  "price": 1.23845,
  "amount": 1.00000009,
  "time": "01:44:36"
 },
 {
  "type": "bid",
  "price": 1.23845,
  "amount": 0.10080285,
  "time": "01:44:36"
 },
 {
  "type": "bid",
  "price": 1.23844,
  "amount": 10.00000091,
  "time": "01:44:35"
 },
 {
  "type": "bid",
  "price": 1.23844,
  "amount": 1.00000009,
  "time": "01:44:35"
 },
 {
  "type": "bid",
  "price": 1.23843,
  "amount": 10.00000091,
  "time": "01:44:35"
 },
 {
  "type": "bid",
  "price": 1.23843,
  "amount": 1.00000009,
  "time": "01:44:35"
 }
][
 {
  "type": "bid",
  "price": 1.23848,
  "amount": 10.00000091,
  "time": "01:44:38"
 },
 {
  "type": "bid",
  "price": 1.23848,
  "amount": 1.00000009,
  "time": "01:44:38"
 },
 {
  "type": "bid",
  "price": 1.23847,
  "amount": 10.00000091,
  "time": "01:44:38"
 },
 {
  "type": "bid",
  "price": 1.23847,
  "amount": 1.00000009,
  "time": "01:44:38"
 }
][
 {
  "type": "bid",
  "price": 1.23849,
  "amount": 5.08979999,
  "time": "01:44:39"
 },
 {
  "type": "bid",
  "price": 1.23849,
  "amount": 5.08979999,
  "time": "01:44:39"
 },
 {
  "type": "bid",
  "price": 1.23849,
  "amount": 10.00000091,
  "time": "01:44:39"
 },
 {
  "type": "bid",
  "price": 1.23849,
  "amount": 1.00000009,
  "time": "01:44:39"
 }
][
 {
  "type": "bid",
  "price": 1.2385,
  "amount": 142.11589953,
  "time": "01:44:41"
 },
 {
  "type": "bid",
  "price": 1.2385,
  "amount": 51.7575,
  "time": "01:44:41"
 },
 {
  "type": "bid",
  "price": 1.2385,
  "amount": 10.00000091,
  "time": "01:44:41"
 },
 {
  "type": "bid",
  "price": 1.2385,
  "amount": 1.00000009,
  "time": "01:44:41"
 },
 {
  "type": "bid",
  "price": 1.2385,
  "amount": 0.1,
  "time": "01:44:41"
 }
][
 {
  "type": "ask",
  "price": 1.23562,
  "amount": 0.1,
  "time": "01:56:27"
 }
][
 {
  "type": "bid",
  "price": 1.23681,
  "amount": 2206.22861894,
  "time": "01:56:47"
 }
][
 {
  "type": "bid",
  "price": 1.23681,
  "amount": 2631.78951904,
  "time": "01:59:16"
 }
][
 {
  "type": "bid",
  "price": 1.23681,
  "amount": 4124.4428489,
  "time": "01:59:24"
 }
][
 {
  "type": "ask",
  "price": 1.23217,
  "amount": 10.02893879,
  "time": "01:59:37"
 },
 {
  "type": "ask",
  "price": 1.23217,
  "amount": 1.00289387,
  "time": "01:59:37"
 },
 {
  "type": "ask",
  "price": 1.23218,
  "amount": 10.02893879,
  "time": "01:59:37"
 },
 {
  "type": "ask",
  "price": 1.23218,
  "amount": 1.00289387,
  "time": "01:59:37"
 },
 {
  "type": "ask",
  "price": 1.23218,
  "amount": 0.32225078,
  "time": "01:59:37"
 },
 {
  "type": "ask",
  "price": 1.23226,
  "amount": 0.10108566,
  "time": "01:59:37"
 },
 {
  "type": "ask",
  "price": 1.23262,
  "amount": 0.1,
  "time": "01:59:37"
 },
 {
  "type": "ask",
  "price": 1.23312,
  "amount": 0.1,
  "time": "01:59:37"
 },
 {
  "type": "ask",
  "price": 1.23362,
  "amount": 0.1,
  "time": "01:59:37"
 },
 {
  "type": "ask",
  "price": 1.23412,
  "amount": 0.1,
  "time": "01:59:37"
 }
][
 {
  "type": "ask",
  "price": 1.23213,
  "amount": 10.02893879,
  "time": "01:59:39"
 },
 {
  "type": "ask",
  "price": 1.23213,
  "amount": 1.00289387,
  "time": "01:59:39"
 },
 {
  "type": "ask",
  "price": 1.23214,
  "amount": 10.02893879,
  "time": "01:59:39"
 },
 {
  "type": "ask",
  "price": 1.23214,
  "amount": 1.00289387,
  "time": "01:59:39"
 },
 {
  "type": "ask",
  "price": 1.23215,
  "amount": 10.02893879,
  "time": "01:59:38"
 },
 {
  "type": "ask",
  "price": 1.23215,
  "amount": 1.00289387,
  "time": "01:59:38"
 },
 {
  "type": "ask",
  "price": 1.23216,
  "amount": 10.02893879,
  "time": "01:59:38"
 },
 {
  "type": "ask",
  "price": 1.23216,
  "amount": 1.00289387,
  "time": "01:59:38"
 },
 {
  "type": "ask",
  "price": 1.23216,
  "amount": 0.10108566,
  "time": "01:59:38"
 }
][
 {
  "type": "ask",
  "price": 1.23211,
  "amount": 10.02893879,
  "time": "01:59:59"
 },
 {
  "type": "ask",
  "price": 1.23211,
  "amount": 1.00289387,
  "time": "01:59:59"
 },
 {
  "type": "ask",
  "price": 1.23212,
  "amount": 10.02893879,
  "time": "01:59:59"
 },
 {
  "type": "ask",
  "price": 1.23212,
  "amount": 1.00289387,
  "time": "01:59:59"
 },
 {
  "type": "ask",
  "price": 1.23212,
  "amount": 0.09372,
  "time": "01:59:59"
 }
][
 {
  "type": "bid",
  "price": 1.23523,
  "amount": 1282.67144924,
  "time": "02:00:09"
 }
][
 {
  "type": "ask",
  "price": 1.2321,
  "amount": 1.65103589,
  "time": "02:00:10"
 },
 {
  "type": "ask",
  "price": 1.2321,
  "amount": 1.00289387,
  "time": "02:00:10"
 }
][
 {
  "type": "bid",
  "price": 1.23523,
  "amount": 4694.51753708,
  "time": "02:00:36"
 }
][
 {
  "type": "ask",
  "price": 1.23209,
  "amount": 10.02893879,
  "time": "02:01:01"
 },
 {
  "type": "ask",
  "price": 1.23209,
  "amount": 1.00289387,
  "time": "02:01:01"
 },
 {
  "type": "ask",
  "price": 1.2321,
  "amount": 8.3779029,
  "time": "02:01:01"
 }
][
 {
  "type": "ask",
  "price": 1.23206,
  "amount": 5.1896,
  "time": "02:01:05"
 },
 {
  "type": "ask",
  "price": 1.23206,
  "amount": 10.02893879,
  "time": "02:01:05"
 },
 {
  "type": "ask",
  "price": 1.23206,
  "amount": 1.00289387,
  "time": "02:01:05"
 },
 {
  "type": "ask",
  "price": 1.23206,
  "amount": 0.10124745,
  "time": "02:01:05"
 },
 {
  "type": "ask",
  "price": 1.23207,
  "amount": 10.02893879,
  "time": "02:01:04"
 },
 {
  "type": "ask",
  "price": 1.23207,
  "amount": 1.00289387,
  "time": "02:01:04"
 },
 {
  "type": "ask",
  "price": 1.23208,
  "amount": 10.02893879,
  "time": "02:01:04"
 },
 {
  "type": "ask",
  "price": 1.23208,
  "amount": 1.00289387,
  "time": "02:01:04"
 }
][
 {
  "type": "ask",
  "price": 1.23202,
  "amount": 10.02893879,
  "time": "02:01:08"
 },
 {
  "type": "ask",
  "price": 1.23202,
  "amount": 1.00289387,
  "time": "02:01:08"
 },
 {
  "type": "ask",
  "price": 1.23203,
  "amount": 10.02893879,
  "time": "02:01:08"
 },
 {
  "type": "ask",
  "price": 1.23203,
  "amount": 1.00289387,
  "time": "02:01:08"
 },
 {
  "type": "ask",
  "price": 1.23204,
  "amount": 1.03571003,
  "time": "02:01:08"
 },
 {
  "type": "ask",
  "price": 1.23204,
  "amount": 8.99322876,
  "time": "02:01:07"
 },
 {
  "type": "ask",
  "price": 1.23204,
  "amount": 1.00289387,
  "time": "02:01:07"
 },
 {
  "type": "ask",
  "price": 1.23205,
  "amount": 10.02893879,
  "time": "02:01:07"
 },
 {
  "type": "ask",
  "price": 1.23205,
  "amount": 1.00289387,
  "time": "02:01:07"
 }
][
 {
  "type": "ask",
  "price": 1.232,
  "amount": 10.02893879,
  "time": "02:01:11"
 },
 {
  "type": "ask",
  "price": 1.232,
  "amount": 1.00289387,
  "time": "02:01:11"
 },
 {
  "type": "ask",
  "price": 1.232,
  "amount": 2.69921904,
  "time": "02:01:11"
 },
 {
  "type": "ask",
  "price": 1.23201,
  "amount": 10.02893879,
  "time": "02:01:11"
 },
 {
  "type": "ask",
  "price": 1.23201,
  "amount": 1.00289387,
  "time": "02:01:11"
 }
][
 {
  "type": "ask",
  "price": 1.23198,
  "amount": 10.02893879,
  "time": "02:01:14"
 },
 {
  "type": "ask",
  "price": 1.23198,
  "amount": 1.00289387,
  "time": "02:01:14"
 },
 {
  "type": "ask",
  "price": 1.23199,
  "amount": 10.02893879,
  "time": "02:01:14"
 },
 {
  "type": "ask",
  "price": 1.23199,
  "amount": 1.00289387,
  "time": "02:01:14"
 }
][
 {
  "type": "ask",
  "price": 1.23196,
  "amount": 10.02893879,
  "time": "02:01:15"
 },
 {
  "type": "ask",
  "price": 1.23196,
  "amount": 1.00289387,
  "time": "02:01:15"
 },
 {
  "type": "ask",
  "price": 1.23197,
  "amount": 10.02893879,
  "time": "02:01:15"
 },
 {
  "type": "ask",
  "price": 1.23197,
  "amount": 1.00289387,
  "time": "02:01:15"
 },
 {
  "type": "ask",
  "price": 1.23197,
  "amount": 0.10116652,
  "time": "02:01:15"
 }
][
 {
  "type": "ask",
  "price": 1.23192,
  "amount": 6.70349351,
  "time": "02:01:18"
 },
 {
  "type": "ask",
  "price": 1.23192,
  "amount": 1.00289387,
  "time": "02:01:18"
 },
 {
  "type": "ask",
  "price": 1.23193,
  "amount": 10.02893879,
  "time": "02:01:18"
 },
 {
  "type": "ask",
  "price": 1.23193,
  "amount": 1.00289387,
  "time": "02:01:18"
 },
 {
  "type": "ask",
  "price": 1.23195,
  "amount": 0.90180361,
  "time": "02:01:18"
 },
 {
  "type": "ask",
  "price": 1.23194,
  "amount": 10.02893879,
  "time": "02:01:16"
 },
 {
  "type": "ask",
  "price": 1.23194,
  "amount": 1.00289387,
  "time": "02:01:16"
 },
 {
  "type": "ask",
  "price": 1.23195,
  "amount": 10.02893879,
  "time": "02:01:16"
 },
 {
  "type": "ask",
  "price": 1.23195,
  "amount": 1.00289387,
  "time": "02:01:16"
 }
][
 {
  "type": "ask",
  "price": 1.23189,
  "amount": 6.07847634,
  "time": "02:02:27"
 },
 {
  "type": "ask",
  "price": 1.23189,
  "amount": 1.00289387,
  "time": "02:02:27"
 },
 {
  "type": "ask",
  "price": 1.2319,
  "amount": 0.10021,
  "time": "02:02:27"
 },
 {
  "type": "ask",
  "price": 1.2319,
  "amount": 10.02893879,
  "time": "02:02:27"
 },
 {
  "type": "ask",
  "price": 1.2319,
  "amount": 1.00289387,
  "time": "02:02:27"
 },
 {
  "type": "ask",
  "price": 1.23191,
  "amount": 5.1896,
  "time": "02:02:26"
 },
 {
  "type": "ask",
  "price": 1.23191,
  "amount": 10.02893879,
  "time": "02:02:26"
 },
 {
  "type": "ask",
  "price": 1.23191,
  "amount": 1.00289387,
  "time": "02:02:26"
 },
 {
  "type": "ask",
  "price": 1.23192,
  "amount": 3.32544528,
  "time": "02:02:26"
 }
][
 {
  "type": "bid",
  "price": 1.23502,
  "amount": 1075.43554233,
  "time": "02:02:41"
 }
][
 {
  "type": "ask",
  "price": 1.23187,
  "amount": 7.68596598,
  "time": "02:03:13"
 },
 {
  "type": "ask",
  "price": 1.23187,
  "amount": 1.00289387,
  "time": "02:03:13"
 },
 {
  "type": "ask",
  "price": 1.23188,
  "amount": 10.02893879,
  "time": "02:03:13"
 },
 {
  "type": "ask",
  "price": 1.23188,
  "amount": 1.00289387,
  "time": "02:03:13"
 },
 {
  "type": "ask",
  "price": 1.23189,
  "amount": 3.95046245,
  "time": "02:03:13"
 }
][
 {
  "type": "ask",
  "price": 1.23187,
  "amount": 0.10603,
  "time": "02:03:57"
 }
][
 {
  "type": "ask",
  "price": 1.23185,
  "amount": 8.78788067,
  "time": "02:04:54"
 },
 {
  "type": "ask",
  "price": 1.23185,
  "amount": 1.00289387,
  "time": "02:04:54"
 },
 {
  "type": "ask",
  "price": 1.23186,
  "amount": 10.02893879,
  "time": "02:04:54"
 },
 {
  "type": "ask",
  "price": 1.23186,
  "amount": 1.00289387,
  "time": "02:04:54"
 },
 {
  "type": "ask",
  "price": 1.23187,
  "amount": 0.10116652,
  "time": "02:04:54"
 },
 {
  "type": "ask",
  "price": 1.23187,
  "amount": 2.23694281,
  "time": "02:04:54"
 }
][
 {
  "type": "ask",
  "price": 1.23183,
  "amount": 10.02893879,
  "time": "02:05:19"
 },
 {
  "type": "ask",
  "price": 1.23183,
  "amount": 1.00289387,
  "time": "02:05:19"
 },
 {
  "type": "ask",
  "price": 1.23184,
  "amount": 0.10319538,
  "time": "02:05:19"
 },
 {
  "type": "ask",
  "price": 1.23184,
  "amount": 10.02893879,
  "time": "02:05:19"
 },
 {
  "type": "ask",
  "price": 1.23184,
  "amount": 1.00289387,
  "time": "02:05:19"
 },
 {
  "type": "ask",
  "price": 1.23185,
  "amount": 1.24105812,
  "time": "02:05:19"
 }
][
 {
  "type": "ask",
  "price": 1.23181,
  "amount": 10.02893879,
  "time": "02:05:20"
 },
 {
  "type": "ask",
  "price": 1.23181,
  "amount": 1.00289387,
  "time": "02:05:20"
 },
 {
  "type": "ask",
  "price": 1.23182,
  "amount": 10.02893879,
  "time": "02:05:20"
 },
 {
  "type": "ask",
  "price": 1.23182,
  "amount": 1.00289387,
  "time": "02:05:20"
 }
][
 {
  "type": "ask",
  "price": 1.23179,
  "amount": 5.1896,
  "time": "02:05:32"
 },
 {
  "type": "ask",
  "price": 1.23179,
  "amount": 10.02893879,
  "time": "02:05:32"
 },
 {
  "type": "ask",
  "price": 1.23179,
  "amount": 1.00289387,
  "time": "02:05:32"
 },
 {
  "type": "ask",
  "price": 1.2318,
  "amount": 10.02893879,
  "time": "02:05:32"
 },
 {
  "type": "ask",
  "price": 1.2318,
  "amount": 1.00289387,
  "time": "02:05:32"
 }
][
 {
  "type": "ask",
  "price": 1.23177,
  "amount": 10.02893879,
  "time": "02:05:43"
 },
 {
  "type": "ask",
  "price": 1.23177,
  "amount": 1.00289387,
  "time": "02:05:43"
 },
 {
  "type": "ask",
  "price": 1.23177,
  "amount": 0.10132844,
  "time": "02:05:43"
 },
 {
  "type": "ask",
  "price": 1.23178,
  "amount": 10.02893879,
  "time": "02:05:43"
 },
 {
  "type": "ask",
  "price": 1.23178,
  "amount": 1.00289387,
  "time": "02:05:43"
 }
][
 {
  "type": "bid",
  "price": 1.23486,
  "amount": 3485.3034593,
  "time": "02:06:32"
 }
][
 {
  "type": "ask",
  "price": 1.23175,
  "amount": 5.40149038,
  "time": "02:06:51"
 },
 {
  "type": "ask",
  "price": 1.23175,
  "amount": 1.00289387,
  "time": "02:06:51"
 },
 {
  "type": "ask",
  "price": 1.23176,
  "amount": 10.02893879,
  "time": "02:06:51"
 },
 {
  "type": "ask",
  "price": 1.23176,
  "amount": 1.00289387,
  "time": "02:06:51"
 }
][
 {
  "type": "ask",
  "price": 1.23174,
  "amount": 10.02893879,
  "time": "02:06:59"
 },
 {
  "type": "ask",
  "price": 1.23174,
  "amount": 1.00289387,
  "time": "02:06:59"
 },
 {
  "type": "ask",
  "price": 1.23175,
  "amount": 4.62744841,
  "time": "02:06:59"
 }
][
 {
  "type": "ask",
  "price": 1.23173,
  "amount": 10.02893879,
  "time": "02:07:09"
 },
 {
  "type": "ask",
  "price": 1.23173,
  "amount": 1.00289387,
  "time": "02:07:09"
 }
][
 {
  "type": "ask",
  "price": 1.23171,
  "amount": 10.02893879,
  "time": "02:07:12"
 },
 {
  "type": "ask",
  "price": 1.23171,
  "amount": 1.00289387,
  "time": "02:07:12"
 },
 {
  "type": "ask",
  "price": 1.23172,
  "amount": 10.02893879,
  "time": "02:07:11"
 },
 {
  "type": "ask",
  "price": 1.23172,
  "amount": 1.00289387,
  "time": "02:07:11"
 }
][
 {
  "type": "ask",
  "price": 1.2317,
  "amount": 0.10021,
  "time": "02:07:13"
 },
 {
  "type": "ask",
  "price": 1.2317,
  "amount": 10.02893879,
  "time": "02:07:13"
 },
 {
  "type": "ask",
  "price": 1.2317,
  "amount": 1.00289387,
  "time": "02:07:13"
 }
][
 {
  "type": "ask",
  "price": 1.23169,
  "amount": 10.02893879,
  "time": "02:07:15"
 },
 {
  "type": "ask",
  "price": 1.23169,
  "amount": 1.00289387,
  "time": "02:07:15"
 }
][
 {
  "type": "ask",
  "price": 1.23167,
  "amount": 10.02893879,
  "time": "02:07:32"
 },
 {
  "type": "ask",
  "price": 1.23167,
  "amount": 1.00289387,
  "time": "02:07:32"
 },
 {
  "type": "ask",
  "price": 1.23167,
  "amount": 0.10149062,
  "time": "02:07:32"
 },
 {
  "type": "ask",
  "price": 1.23168,
  "amount": 10.02893879,
  "time": "02:07:32"
 },
 {
  "type": "ask",
  "price": 1.23168,
  "amount": 1.00289387,
  "time": "02:07:32"
 },
 {
  "type": "ask",
  "price": 1.2317,
  "amount": 0.10021,
  "time": "02:07:32"
 }
][
 {
  "type": "ask",
  "price": 1.23165,
  "amount": 10.02893879,
  "time": "02:07:33"
 },
 {
  "type": "ask",
  "price": 1.23165,
  "amount": 1.00289387,
  "time": "02:07:33"
 },
 {
  "type": "ask",
  "price": 1.23166,
  "amount": 10.02893879,
  "time": "02:07:33"
 },
 {
  "type": "ask",
  "price": 1.23166,
  "amount": 1.00289387,
  "time": "02:07:33"
 }
][
 {
  "type": "ask",
  "price": 1.23163,
  "amount": 10.02893879,
  "time": "02:07:37"
 },
 {
  "type": "ask",
  "price": 1.23163,
  "amount": 1.00289387,
  "time": "02:07:37"
 },
 {
  "type": "ask",
  "price": 1.23164,
  "amount": 10.02893879,
  "time": "02:07:37"
 },
 {
  "type": "ask",
  "price": 1.23164,
  "amount": 1.00289387,
  "time": "02:07:37"
 }
][
 {
  "type": "ask",
  "price": 1.23161,
  "amount": 10.02893879,
  "time": "02:07:40"
 },
 {
  "type": "ask",
  "price": 1.23161,
  "amount": 1.00289387,
  "time": "02:07:40"
 },
 {
  "type": "ask",
  "price": 1.23162,
  "amount": 10.02893879,
  "time": "02:07:40"
 },
 {
  "type": "ask",
  "price": 1.23162,
  "amount": 1.00289387,
  "time": "02:07:40"
 },
 {
  "type": "ask",
  "price": 1.23162,
  "amount": 0.1,
  "time": "02:07:40"
 }
][
 {
  "type": "ask",
  "price": 1.23159,
  "amount": 9.92872879,
  "time": "02:07:41"
 },
 {
  "type": "ask",
  "price": 1.23159,
  "amount": 1.00289387,
  "time": "02:07:41"
 },
 {
  "type": "ask",
  "price": 1.2316,
  "amount": 10.02893879,
  "time": "02:07:41"
 },
 {
  "type": "ask",
  "price": 1.2316,
  "amount": 1.00289387,
  "time": "02:07:41"
 },
 {
  "type": "ask",
  "price": 1.2317,
  "amount": 0.10021,
  "time": "02:07:41"
 }
][
 {
  "type": "ask",
  "price": 1.23155,
  "amount": 10.02893879,
  "time": "02:07:48"
 },
 {
  "type": "ask",
  "price": 1.23155,
  "amount": 1.00289387,
  "time": "02:07:48"
 },
 {
  "type": "ask",
  "price": 1.23156,
  "amount": 10.02893879,
  "time": "02:07:48"
 },
 {
  "type": "ask",
  "price": 1.23156,
  "amount": 1.00289387,
  "time": "02:07:48"
 },
 {
  "type": "ask",
  "price": 1.23157,
  "amount": 10.02893879,
  "time": "02:07:47"
 },
 {
  "type": "ask",
  "price": 1.23157,
  "amount": 1.00289387,
  "time": "02:07:47"
 },
 {
  "type": "ask",
  "price": 1.23157,
  "amount": 13.36511813,
  "time": "02:07:47"
 },
 {
  "type": "ask",
  "price": 1.23157,
  "amount": 0.1014095,
  "time": "02:07:47"
 },
 {
  "type": "ask",
  "price": 1.23158,
  "amount": 10.02893879,
  "time": "02:07:47"
 },
 {
  "type": "ask",
  "price": 1.23158,
  "amount": 1.00289387,
  "time": "02:07:47"
 }
][
 {
  "type": "ask",
  "price": 1.23153,
  "amount": 10.02893879,
  "time": "02:07:50"
 },
 {
  "type": "ask",
  "price": 1.23153,
  "amount": 1.00289387,
  "time": "02:07:50"
 },
 {
  "type": "ask",
  "price": 1.23154,
  "amount": 10.02893879,
  "time": "02:07:50"
 },
 {
  "type": "ask",
  "price": 1.23154,
  "amount": 1.00289387,
  "time": "02:07:50"
 }
][
 {
  "type": "ask",
  "price": 1.2315,
  "amount": 10.02893879,
  "time": "02:07:52"
 },
 {
  "type": "ask",
  "price": 1.2315,
  "amount": 1.00289387,
  "time": "02:07:52"
 },
 {
  "type": "ask",
  "price": 1.23151,
  "amount": 10.02893879,
  "time": "02:07:52"
 },
 {
  "type": "ask",
  "price": 1.23151,
  "amount": 1.00289387,
  "time": "02:07:52"
 },
 {
  "type": "ask",
  "price": 1.23152,
  "amount": 5.1896,
  "time": "02:07:51"
 },
 {
  "type": "ask",
  "price": 1.23152,
  "amount": 0.10145101,
  "time": "02:07:51"
 },
 {
  "type": "ask",
  "price": 1.23152,
  "amount": 10.02893879,
  "time": "02:07:51"
 },
 {
  "type": "ask",
  "price": 1.23152,
  "amount": 1.00289387,
  "time": "02:07:51"
 }
][
 {
  "type": "ask",
  "price": 1.23149,
  "amount": 4.77521567,
  "time": "02:07:54"
 },
 {
  "type": "ask",
  "price": 1.23149,
  "amount": 10.02893879,
  "time": "02:07:54"
 },
 {
  "type": "ask",
  "price": 1.23149,
  "amount": 1.00289387,
  "time": "02:07:54"
 }
][
 {
  "type": "ask",
  "price": 1.23147,
  "amount": 10.02893879,
  "time": "02:08:06"
 },
 {
  "type": "ask",
  "price": 1.23147,
  "amount": 1.00289387,
  "time": "02:08:06"
 },
 {
  "type": "ask",
  "price": 1.23147,
  "amount": 0.10132844,
  "time": "02:08:06"
 },
 {
  "type": "ask",
  "price": 1.23148,
  "amount": 10.02893879,
  "time": "02:08:06"
 },
 {
  "type": "ask",
  "price": 1.23148,
  "amount": 1.00289387,
  "time": "02:08:06"
 },
 {
  "type": "ask",
  "price": 1.23149,
  "amount": 0.41438433,
  "time": "02:08:06"
 }
][
 {
  "type": "ask",
  "price": 1.23145,
  "amount": 6.99303883,
  "time": "02:08:08"
 },
 {
  "type": "ask",
  "price": 1.23145,
  "amount": 1.00289387,
  "time": "02:08:08"
 },
 {
  "type": "ask",
  "price": 1.23146,
  "amount": 10.02893879,
  "time": "02:08:08"
 },
 {
  "type": "ask",
  "price": 1.23146,
  "amount": 1.00289387,
  "time": "02:08:08"
 }
][
 {
  "type": "ask",
  "price": 1.23144,
  "amount": 5.51026621,
  "time": "02:08:09"
 },
 {
  "type": "ask",
  "price": 1.23144,
  "amount": 1.00289387,
  "time": "02:08:09"
 },
 {
  "type": "ask",
  "price": 1.23145,
  "amount": 3.03589996,
  "time": "02:08:09"
 }
][
 {
  "type": "ask",
  "price": 1.23143,
  "amount": 6.70475145,
  "time": "02:08:12"
 },
 {
  "type": "ask",
  "price": 1.23143,
  "amount": 1.00289387,
  "time": "02:08:12"
 },
 {
  "type": "ask",
  "price": 1.23144,
  "amount": 4.51867258,
  "time": "02:08:12"
 }
][
 {
  "type": "ask",
  "price": 1.23141,
  "amount": 10.02893879,
  "time": "02:08:15"
 },
 {
  "type": "ask",
  "price": 1.23141,
  "amount": 1.00289387,
  "time": "02:08:15"
 },
 {
  "type": "ask",
  "price": 1.23142,
  "amount": 2.1297021,
  "time": "02:08:15"
 },
 {
  "type": "ask",
  "price": 1.23142,
  "amount": 7.89923669,
  "time": "02:08:13"
 },
 {
  "type": "ask",
  "price": 1.23142,
  "amount": 1.00289387,
  "time": "02:08:13"
 },
 {
  "type": "ask",
  "price": 1.23143,
  "amount": 3.32418734,
  "time": "02:08:13"
 }
][
 {
  "type": "ask",
  "price": 1.2314,
  "amount": 10.02893879,
  "time": "02:08:16"
 },
 {
  "type": "ask",
  "price": 1.2314,
  "amount": 1.00289387,
  "time": "02:08:16"
 }
][
 {
  "type": "ask",
  "price": 1.23139,
  "amount": 10.02893879,
  "time": "02:08:17"
 },
 {
  "type": "ask",
  "price": 1.23139,
  "amount": 1.00289387,
  "time": "02:08:17"
 }
][
 {
  "type": "ask",
  "price": 1.23137,
  "amount": 10.02893879,
  "time": "02:08:20"
 },
 {
  "type": "ask",
  "price": 1.23137,
  "amount": 1.00289387,
  "time": "02:08:20"
 },
 {
  "type": "ask",
  "price": 1.23137,
  "amount": 0.10149062,
  "time": "02:08:20"
 },
 {
  "type": "ask",
  "price": 1.23138,
  "amount": 10.02893879,
  "time": "02:08:20"
 },
 {
  "type": "ask",
  "price": 1.23138,
  "amount": 1.00289387,
  "time": "02:08:20"
 }
][
 {
  "type": "ask",
  "price": 1.23135,
  "amount": 5.1896,
  "time": "02:08:21"
 },
 {
  "type": "ask",
  "price": 1.23135,
  "amount": 10.02893879,
  "time": "02:08:21"
 },
 {
  "type": "ask",
  "price": 1.23135,
  "amount": 1.00289387,
  "time": "02:08:21"
 },
 {
  "type": "ask",
  "price": 1.23136,
  "amount": 10.02893879,
  "time": "02:08:21"
 },
 {
  "type": "ask",
  "price": 1.23136,
  "amount": 1.00289387,
  "time": "02:08:21"
 }
][
 {
  "type": "ask",
  "price": 1.23133,
  "amount": 10.02893879,
  "time": "02:08:24"
 },
 {
  "type": "ask",
  "price": 1.23133,
  "amount": 1.00289387,
  "time": "02:08:24"
 },
 {
  "type": "ask",
  "price": 1.23134,
  "amount": 10.02893879,
  "time": "02:08:24"
 },
 {
  "type": "ask",
  "price": 1.23134,
  "amount": 1.00289387,
  "time": "02:08:24"
 }
][
 {
  "type": "ask",
  "price": 1.2313,
  "amount": 0.10021,
  "time": "02:08:28"
 },
 {
  "type": "ask",
  "price": 1.2313,
  "amount": 10.02893879,
  "time": "02:08:28"
 },
 {
  "type": "ask",
  "price": 1.2313,
  "amount": 1.00289387,
  "time": "02:08:28"
 },
 {
  "type": "ask",
  "price": 1.23132,
  "amount": 10.02893879,
  "time": "02:08:28"
 },
 {
  "type": "ask",
  "price": 1.23132,
  "amount": 1.00289387,
  "time": "02:08:28"
 }
][
 {
  "type": "ask",
  "price": 1.23128,
  "amount": 10.02893879,
  "time": "02:08:30"
 },
 {
  "type": "ask",
  "price": 1.23128,
  "amount": 1.00289387,
  "time": "02:08:30"
 },
 {
  "type": "ask",
  "price": 1.23128,
  "amount": 1.00289387,
  "time": "02:08:30"
 },
 {
  "type": "ask",
  "price": 1.23129,
  "amount": 10.02893879,
  "time": "02:08:30"
 },
 {
  "type": "ask",
  "price": 1.23129,
  "amount": 1.00289387,
  "time": "02:08:30"
 }
][
 {
  "type": "ask",
  "price": 1.23124,
  "amount": 10.02893879,
  "time": "02:08:33"
 },
 {
  "type": "ask",
  "price": 1.23124,
  "amount": 1.00289387,
  "time": "02:08:33"
 },
 {
  "type": "ask",
  "price": 1.23124,
  "amount": 1.00289387,
  "time": "02:08:33"
 },
 {
  "type": "ask",
  "price": 1.23125,
  "amount": 10.02893879,
  "time": "02:08:33"
 },
 {
  "type": "ask",
  "price": 1.23125,
  "amount": 1.00289387,
  "time": "02:08:33"
 },
 {
  "type": "ask",
  "price": 1.23125,
  "amount": 1.00289387,
  "time": "02:08:33"
 },
 {
  "type": "ask",
  "price": 1.23126,
  "amount": 10.02893879,
  "time": "02:08:31"
 },
 {
  "type": "ask",
  "price": 1.23126,
  "amount": 1.00289387,
  "time": "02:08:31"
 },
 {
  "type": "ask",
  "price": 1.23126,
  "amount": 1.00289387,
  "time": "02:08:31"
 },
 {
  "type": "ask",
  "price": 1.23127,
  "amount": 10.02893879,
  "time": "02:08:31"
 }
][
 {
  "type": "ask",
  "price": 1.23122,
  "amount": 5.1896,
  "time": "02:08:34"
 },
 {
  "type": "ask",
  "price": 1.23122,
  "amount": 10.02893879,
  "time": "02:08:34"
 },
 {
  "type": "ask",
  "price": 1.23122,
  "amount": 1.00289387,
  "time": "02:08:34"
 },
 {
  "type": "ask",
  "price": 1.23122,
  "amount": 1.00289387,
  "time": "02:08:34"
 },
 {
  "type": "ask",
  "price": 1.23123,
  "amount": 10.02893879,
  "time": "02:08:34"
 },
 {
  "type": "ask",
  "price": 1.23123,
  "amount": 1.00289387,
  "time": "02:08:34"
 },
 {
  "type": "ask",
  "price": 1.23123,
  "amount": 1.00289387,
  "time": "02:08:34"
 }
][
 {
  "type": "ask",
  "price": 1.23119,
  "amount": 10.02893879,
  "time": "02:08:37"
 },
 {
  "type": "ask",
  "price": 1.23119,
  "amount": 1.00289387,
  "time": "02:08:37"
 },
 {
  "type": "ask",
  "price": 1.23119,
  "amount": 1.00289387,
  "time": "02:08:37"
 },
 {
  "type": "ask",
  "price": 1.2312,
  "amount": 0.10149511,
  "time": "02:08:37"
 },
 {
  "type": "ask",
  "price": 1.2312,
  "amount": 5.78715627,
  "time": "02:08:37"
 },
 {
  "type": "ask",
  "price": 1.2312,
  "amount": 4.24178252,
  "time": "02:08:35"
 },
 {
  "type": "ask",
  "price": 1.2312,
  "amount": 1.00289387,
  "time": "02:08:35"
 },
 {
  "type": "ask",
  "price": 1.2312,
  "amount": 1.00289387,
  "time": "02:08:35"
 },
 {
  "type": "ask",
  "price": 1.23121,
  "amount": 10.02893879,
  "time": "02:08:35"
 },
 {
  "type": "ask",
  "price": 1.23121,
  "amount": 1.00289387,
  "time": "02:08:35"
 }
][
 {
  "type": "bid",
  "price": 1.2355,
  "amount": 2788.17708643,
  "time": "02:09:59"
 }
][
 {
  "type": "ask",
  "price": 1.23118,
  "amount": 11.94529765,
  "time": "02:10:10"
 },
 {
  "type": "ask",
  "price": 1.23118,
  "amount": 1.00289387,
  "time": "02:10:10"
 },
 {
  "type": "ask",
  "price": 1.23118,
  "amount": 1.00289387,
  "time": "02:10:10"
 },
 {
  "type": "ask",
  "price": 1.23162,
  "amount": 0.1,
  "time": "02:10:10"
 },
 {
  "type": "ask",
  "price": 1.23212,
  "amount": 0.1,
  "time": "02:10:10"
 },
 {
  "type": "ask",
  "price": 1.23262,
  "amount": 0.1,
  "time": "02:10:10"
 },
 {
  "type": "ask",
  "price": 1.23312,
  "amount": 0.1,
  "time": "02:10:10"
 },
 {
  "type": "ask",
  "price": 1.23362,
  "amount": 0.1,
  "time": "02:10:10"
 }
][
 {
  "type": "ask",
  "price": 1.2311,
  "amount": 0.10021,
  "time": "02:10:22"
 },
 {
  "type": "ask",
  "price": 1.2311,
  "amount": 1.00289387,
  "time": "02:10:22"
 },
 {
  "type": "ask",
  "price": 1.2311,
  "amount": 1.00289387,
  "time": "02:10:22"
 },
 {
  "type": "ask",
  "price": 1.2311,
  "amount": 10.05214848,
  "time": "02:10:22"
 },
 {
  "type": "ask",
  "price": 1.2311,
  "amount": 0.47041632,
  "time": "02:10:22"
 },
 {
  "type": "ask",
  "price": 1.23111,
  "amount": 1.00289387,
  "time": "02:10:22"
 },
 {
  "type": "ask",
  "price": 1.23111,
  "amount": 1.00289387,
  "time": "02:10:22"
 },
 {
  "type": "ask",
  "price": 1.23112,
  "amount": 1.00289387,
  "time": "02:10:22"
 },
 {
  "type": "ask",
  "price": 1.23112,
  "amount": 1.00289387,
  "time": "02:10:22"
 },
 {
  "type": "ask",
  "price": 1.23112,
  "amount": 0.1,
  "time": "02:10:22"
 }
][
 {
  "type": "bid",
  "price": 1.23422,
  "amount": 2637.14677696,
  "time": "02:11:23"
 }
][
 {
  "type": "bid",
  "price": 1.2342,
  "amount": 2201.6408948,
  "time": "02:13:36"
 }
][
 {
  "type": "bid",
  "price": 1.2342,
  "amount": 1589.84711116,
  "time": "02:13:44"
 }
][
 {
  "type": "bid",
  "price": 1.2342,
  "amount": 4096.56870373,
  "time": "02:18:14"
 }
][
 {
  "type": "ask",
  "price": 1.23109,
  "amount": 0.10437,
  "time": "02:20:41"
 }
][
 {
  "type": "bid",
  "price": 1.2342,
  "amount": 3499.4664932,
  "time": "02:23:25"
 }
][
 {
  "type": "bid",
  "price": 1.2342,
  "amount": 3321.83135723,
  "time": "02:33:48"
 }
][
 {
  "type": "bid",
  "price": 1.2342,
  "amount": 926.6044627,
  "time": "02:34:59"
 }
][
 {
  "type": "bid",
  "price": 1.2342,
  "amount": 801.67313308,
  "time": "02:39:04"
 }
][
 {
  "type": "bid",
  "price": 1.2342,
  "amount": 4646.63759495,
  "time": "02:41:14"
 }
][
 {
  "type": "ask",
  "price": 1.2311,
  "amount": 0.10413,
  "time": "02:41:35"
 }
][
 {
  "type": "bid",
  "price": 1.2342,
  "amount": 3275.6263264,
  "time": "02:44:19"
 }
][
 {
  "type": "bid",
  "price": 1.2342,
  "amount": 1105.78413786,
  "time": "02:45:55"
 }
][
 {
  "type": "bid",
  "price": 1.23754,
  "amount": 3.74279047,
  "time": "02:46:39"
 },
 {
  "type": "bid",
  "price": 1.23754,
  "amount": 1.00088808,
  "time": "02:46:39"
 },
 {
  "type": "bid",
  "price": 1.23754,
  "amount": 1.00088808,
  "time": "02:46:39"
 },
 {
  "type": "bid",
  "price": 1.23753,
  "amount": 10.00888091,
  "time": "02:46:39"
 },
 {
  "type": "bid",
  "price": 1.23753,
  "amount": 1.00088808,
  "time": "02:46:39"
 },
 {
  "type": "bid",
  "price": 1.23753,
  "amount": 1.00088808,
  "time": "02:46:39"
 },
 {
  "type": "bid",
  "price": 1.23752,
  "amount": 10.00888091,
  "time": "02:46:39"
 },
 {
  "type": "bid",
  "price": 1.23752,
  "amount": 1.00088808,
  "time": "02:46:39"
 },
 {
  "type": "bid",
  "price": 1.23752,
  "amount": 1.00088808,
  "time": "02:46:39"
 },
 {
  "type": "bid",
  "price": 1.23751,
  "amount": 10.00888091,
  "time": "02:46:39"
 }
][
 {
  "type": "bid",
  "price": 1.23755,
  "amount": 10.00888091,
  "time": "02:46:46"
 },
 {
  "type": "bid",
  "price": 1.23755,
  "amount": 1.00088808,
  "time": "02:46:46"
 },
 {
  "type": "bid",
  "price": 1.23755,
  "amount": 1.00088808,
  "time": "02:46:46"
 },
 {
  "type": "bid",
  "price": 1.23755,
  "amount": 0.10128763,
  "time": "02:46:46"
 },
 {
  "type": "bid",
  "price": 1.23754,
  "amount": 6.26609044,
  "time": "02:46:46"
 }
][
 {
  "type": "bid",
  "price": 1.23757,
  "amount": 10.00888091,
  "time": "02:46:48"
 },
 {
  "type": "bid",
  "price": 1.23757,
  "amount": 1.00088808,
  "time": "02:46:48"
 },
 {
  "type": "bid",
  "price": 1.23757,
  "amount": 1.00088808,
  "time": "02:46:48"
 },
 {
  "type": "bid",
  "price": 1.23756,
  "amount": 10.00888091,
  "time": "02:46:48"
 },
 {
  "type": "bid",
  "price": 1.23756,
  "amount": 1.00088808,
  "time": "02:46:48"
 },
 {
  "type": "bid",
  "price": 1.23756,
  "amount": 1.00088808,
  "time": "02:46:48"
 },
 {
  "type": "bid",
  "price": 1.23436,
  "amount": 3525.59883444,
  "time": "02:46:48"
 }
][
 {
  "type": "bid",
  "price": 1.23762,
  "amount": 10.00888091,
  "time": "02:46:55"
 },
 {
  "type": "bid",
  "price": 1.23762,
  "amount": 1.00088808,
  "time": "02:46:55"
 },
 {
  "type": "bid",
  "price": 1.2376,
  "amount": 10.00888091,
  "time": "02:46:55"
 },
 {
  "type": "bid",
  "price": 1.2376,
  "amount": 1.00088808,
  "time": "02:46:55"
 },
 {
  "type": "bid",
  "price": 1.23759,
  "amount": 10.00888091,
  "time": "02:46:53"
 },
 {
  "type": "bid",
  "price": 1.23759,
  "amount": 1.00088808,
  "time": "02:46:53"
 },
 {
  "type": "bid",
  "price": 1.23758,
  "amount": 10.00888091,
  "time": "02:46:53"
 },
 {
  "type": "bid",
  "price": 1.23758,
  "amount": 1.00088808,
  "time": "02:46:53"
 },
 {
  "type": "bid",
  "price": 1.23758,
  "amount": 1.00088808,
  "time": "02:46:53"
 }
][
 {
  "type": "bid",
  "price": 1.23765,
  "amount": 10.00888091,
  "time": "02:46:56"
 },
 {
  "type": "bid",
  "price": 1.23765,
  "amount": 1.00088808,
  "time": "02:46:56"
 },
 {
  "type": "bid",
  "price": 1.23765,
  "amount": 0.10112578,
  "time": "02:46:56"
 },
 {
  "type": "bid",
  "price": 1.23764,
  "amount": 10.00888091,
  "time": "02:46:56"
 },
 {
  "type": "bid",
  "price": 1.23764,
  "amount": 1.00088808,
  "time": "02:46:56"
 }
][
 {
  "type": "bid",
  "price": 1.23768,
  "amount": 5.08979999,
  "time": "02:46:59"
 },
 {
  "type": "bid",
  "price": 1.23768,
  "amount": 5.08979999,
  "time": "02:46:59"
 },
 {
  "type": "bid",
  "price": 1.23768,
  "amount": 10.00888091,
  "time": "02:46:59"
 },
 {
  "type": "bid",
  "price": 1.23768,
  "amount": 1.00088808,
  "time": "02:46:59"
 },
 {
  "type": "bid",
  "price": 1.23767,
  "amount": 10.00888091,
  "time": "02:46:58"
 },
 {
  "type": "bid",
  "price": 1.23767,
  "amount": 1.00088808,
  "time": "02:46:58"
 },
 {
  "type": "bid",
  "price": 1.23766,
  "amount": 10.00888091,
  "time": "02:46:58"
 },
 {
  "type": "bid",
  "price": 1.23766,
  "amount": 1.00088808,
  "time": "02:46:58"
 }
][
 {
  "type": "bid",
  "price": 1.2377,
  "amount": 10.00888091,
  "time": "02:47:03"
 },
 {
  "type": "bid",
  "price": 1.2377,
  "amount": 1.00088808,
  "time": "02:47:03"
 },
 {
  "type": "bid",
  "price": 1.23769,
  "amount": 10.00888091,
  "time": "02:47:03"
 },
 {
  "type": "bid",
  "price": 1.23769,
  "amount": 1.00088808,
  "time": "02:47:03"
 }
][
 {
  "type": "bid",
  "price": 1.23772,
  "amount": 0.10180279,
  "time": "02:47:12"
 },
 {
  "type": "bid",
  "price": 1.23772,
  "amount": 10.00888091,
  "time": "02:47:12"
 },
 {
  "type": "bid",
  "price": 1.23772,
  "amount": 1.00088808,
  "time": "02:47:12"
 },
 {
  "type": "bid",
  "price": 1.23771,
  "amount": 10.00888091,
  "time": "02:47:12"
 },
 {
  "type": "bid",
  "price": 1.23771,
  "amount": 1.00088808,
  "time": "02:47:12"
 }
][
 {
  "type": "bid",
  "price": 1.23484,
  "amount": 385.3523804,
  "time": "02:49:49"
 }
][
 {
  "type": "bid",
  "price": 1.23487,
  "amount": 4012.46954291,
  "time": "02:51:26"
 }
][
 {
  "type": "bid",
  "price": 1.23487,
  "amount": 4474.92237469,
  "time": "02:54:16"
 }
][
 {
  "type": "bid",
  "price": 1.23487,
  "amount": 1719.9410664,
  "time": "02:58:34"
 }
][
 {
  "type": "bid",
  "price": 1.23487,
  "amount": 4487.53932091,
  "time": "03:00:35"
 }
][
 {
  "type": "bid",
  "price": 1.23487,
  "amount": 707.09187842,
  "time": "03:01:19"
 }
][
 {
  "type": "bid",
  "price": 1.23487,
  "amount": 3984.55848947,
  "time": "03:02:15"
 }
][
 {
  "type": "ask",
  "price": 1.23201,
  "amount": 0.10075,
  "time": "03:02:26"
 }
][
 {
  "type": "bid",
  "price": 1.23486,
  "amount": 4400.63365135,
  "time": "03:05:21"
 }
][
 {
  "type": "bid",
  "price": 1.23486,
  "amount": 4468.15405391,
  "time": "03:06:12"
 }
][
 {
  "type": "bid",
  "price": 1.23486,
  "amount": 3216.52059702,
  "time": "03:07:03"
 }
][
 {
  "type": "bid",
  "price": 1.23486,
  "amount": 3021.82834954,
  "time": "03:09:01"
 }
][
 {
  "type": "bid",
  "price": 1.23474,
  "amount": 2577.76068875,
  "time": "03:10:18"
 }
][
 {
  "type": "bid",
  "price": 1.23474,
  "amount": 616.2698511,
  "time": "03:11:35"
 }
][
 {
  "type": "bid",
  "price": 1.23773,
  "amount": 8.18084324,
  "time": "03:11:44"
 },
 {
  "type": "bid",
  "price": 1.23773,
  "amount": 1.00088808,
  "time": "03:11:44"
 },
 {
  "type": "bid",
  "price": 1.23772,
  "amount": 0.10045164,
  "time": "03:11:44"
 },
 {
  "type": "bid",
  "price": 1.23737,
  "amount": 0.149999,
  "time": "03:11:44"
 },
 {
  "type": "bid",
  "price": 1.23686,
  "amount": 0.149999,
  "time": "03:11:44"
 },
 {
  "type": "bid",
  "price": 1.23635,
  "amount": 0.149999,
  "time": "03:11:44"
 }
][
 {
  "type": "bid",
  "price": 1.23774,
  "amount": 10.00888091,
  "time": "03:11:45"
 },
 {
  "type": "bid",
  "price": 1.23774,
  "amount": 1.00088808,
  "time": "03:11:45"
 },
 {
  "type": "bid",
  "price": 1.23773,
  "amount": 1.82803767,
  "time": "03:11:45"
 }
][
 {
  "type": "bid",
  "price": 1.23775,
  "amount": 10.00888091,
  "time": "03:11:47"
 },
 {
  "type": "bid",
  "price": 1.23775,
  "amount": 1.00088808,
  "time": "03:11:47"
 },
 {
  "type": "bid",
  "price": 1.23775,
  "amount": 0.10120668,
  "time": "03:11:47"
 }
][
 {
  "type": "bid",
  "price": 1.23777,
  "amount": 10.00888091,
  "time": "03:11:50"
 },
 {
  "type": "bid",
  "price": 1.23777,
  "amount": 1.00088808,
  "time": "03:11:50"
 },
 {
  "type": "bid",
  "price": 1.23776,
  "amount": 10.00888091,
  "time": "03:11:48"
 },
 {
  "type": "bid",
  "price": 1.23776,
  "amount": 1.00088808,
  "time": "03:11:48"
 }
][
 {
  "type": "bid",
  "price": 1.23778,
  "amount": 10.00888091,
  "time": "03:11:51"
 },
 {
  "type": "bid",
  "price": 1.23778,
  "amount": 1.00088808,
  "time": "03:11:51"
 }
][
 {
  "type": "bid",
  "price": 1.23779,
  "amount": 10.00888091,
  "time": "03:11:53"
 },
 {
  "type": "bid",
  "price": 1.23779,
  "amount": 1.00088808,
  "time": "03:11:53"
 }
][
 {
  "type": "bid",
  "price": 1.23546,
  "amount": 3116.08274094,
  "time": "03:13:48"
 }
][
 {
  "type": "bid",
  "price": 1.2378,
  "amount": 10.00888091,
  "time": "03:16:22"
 },
 {
  "type": "bid",
  "price": 1.2378,
  "amount": 1.00088808,
  "time": "03:16:22"
 }
][
 {
  "type": "bid",
  "price": 1.23547,
  "amount": 2374.35243075,
  "time": "03:19:20"
 }
][
 {
  "type": "bid",
  "price": 1.23547,
  "amount": 2577.06800687,
  "time": "03:20:05"
 }
][
 {
  "type": "bid",
  "price": 1.23501,
  "amount": 3502.00667908,
  "time": "03:20:46"
 }
][
 {
  "type": "bid",
  "price": 1.23547,
  "amount": 5153.93914918,
  "time": "03:22:26"
 }
][
 {
  "type": "bid",
  "price": 1.23547,
  "amount": 4924.44240047,
  "time": "03:22:31"
 }
][
 {
  "type": "bid",
  "price": 1.23781,
  "amount": 10.00888091,
  "time": "03:23:43"
 },
 {
  "type": "bid",
  "price": 1.23781,
  "amount": 1.00088808,
  "time": "03:23:43"
 }
][
 {
  "type": "bid",
  "price": 1.23782,
  "amount": 10.00888091,
  "time": "03:23:44"
 },
 {
  "type": "bid",
  "price": 1.23782,
  "amount": 1.00088808,
  "time": "03:23:44"
 }
][
 {
  "type": "bid",
  "price": 1.23783,
  "amount": 7.49144389,
  "time": "03:23:46"
 },
 {
  "type": "bid",
  "price": 1.23783,
  "amount": 1.00088808,
  "time": "03:23:46"
 }
][
 {
  "type": "bid",
  "price": 1.23548,
  "amount": 1411.51009899,
  "time": "03:25:27"
 }
][
 {
  "type": "bid",
  "price": 1.23548,
  "amount": 3132.64190896,
  "time": "03:28:31"
 }
][
 {
  "type": "bid",
  "price": 1.23548,
  "amount": 716.37344554,
  "time": "03:29:21"
 }
][
 {
  "type": "bid",
  "price": 1.23548,
  "amount": 1579.85206953,
  "time": "03:30:32"
 }
][
 {
  "type": "bid",
  "price": 1.23548,
  "amount": 2025.22867833,
  "time": "03:33:06"
 }
][
 {
  "type": "bid",
  "price": 1.23784,
  "amount": 7.74715719,
  "time": "03:36:19"
 },
 {
  "type": "bid",
  "price": 1.23784,
  "amount": 1.00088808,
  "time": "03:36:19"
 },
 {
  "type": "bid",
  "price": 1.23783,
  "amount": 2.51743702,
  "time": "03:36:19"
 }
][
 {
  "type": "bid",
  "price": 1.23786,
  "amount": 10.00888091,
  "time": "03:36:24"
 },
 {
  "type": "bid",
  "price": 1.23786,
  "amount": 1.00088808,
  "time": "03:36:24"
 },
 {
  "type": "bid",
  "price": 1.23785,
  "amount": 10.00888091,
  "time": "03:36:24"
 },
 {
  "type": "bid",
  "price": 1.23785,
  "amount": 1.00088808,
  "time": "03:36:24"
 },
 {
  "type": "bid",
  "price": 1.23785,
  "amount": 0.10128763,
  "time": "03:36:24"
 },
 {
  "type": "bid",
  "price": 1.23784,
  "amount": 2.26172372,
  "time": "03:36:24"
 }
][
 {
  "type": "bid",
  "price": 1.2379,
  "amount": 0.1,
  "time": "03:36:26"
 },
 {
  "type": "bid",
  "price": 1.2379,
  "amount": 10.00888091,
  "time": "03:36:26"
 },
 {
  "type": "bid",
  "price": 1.2379,
  "amount": 1.00088808,
  "time": "03:36:26"
 },
 {
  "type": "bid",
  "price": 1.23789,
  "amount": 10.00888091,
  "time": "03:36:26"
 },
 {
  "type": "bid",
  "price": 1.23789,
  "amount": 1.00088808,
  "time": "03:36:26"
 },
 {
  "type": "bid",
  "price": 1.23788,
  "amount": 0.149999,
  "time": "03:36:25"
 },
 {
  "type": "bid",
  "price": 1.23788,
  "amount": 10.00888091,
  "time": "03:36:25"
 },
 {
  "type": "bid",
  "price": 1.23788,
  "amount": 1.00088808,
  "time": "03:36:25"
 },
 {
  "type": "bid",
  "price": 1.23787,
  "amount": 10.00888091,
  "time": "03:36:25"
 },
 {
  "type": "bid",
  "price": 1.23787,
  "amount": 1.00088808,
  "time": "03:36:25"
 }
][
 {
  "type": "bid",
  "price": 1.23792,
  "amount": 4.87362414,
  "time": "03:36:28"
 },
 {
  "type": "bid",
  "price": 1.23792,
  "amount": 1.00088808,
  "time": "03:36:28"
 },
 {
  "type": "bid",
  "price": 1.23791,
  "amount": 10.00888091,
  "time": "03:36:28"
 },
 {
  "type": "bid",
  "price": 1.23791,
  "amount": 1.00088808,
  "time": "03:36:28"
 }
][
 {
  "type": "bid",
  "price": 1.23793,
  "amount": 8.82030654,
  "time": "03:37:50"
 },
 {
  "type": "bid",
  "price": 1.23793,
  "amount": 1.00088808,
  "time": "03:37:50"
 },
 {
  "type": "bid",
  "price": 1.23792,
  "amount": 5.13525677,
  "time": "03:37:50"
 }
][
 {
  "type": "bid",
  "price": 1.23552,
  "amount": 2410.18240584,
  "time": "03:39:11"
 }
][
 {
  "type": "bid",
  "price": 1.23794,
  "amount": 10.00888091,
  "time": "03:39:47"
 },
 {
  "type": "bid",
  "price": 1.23794,
  "amount": 1.00088808,
  "time": "03:39:47"
 },
 {
  "type": "bid",
  "price": 1.23793,
  "amount": 5.08979999,
  "time": "03:39:46"
 },
 {
  "type": "bid",
  "price": 1.23793,
  "amount": 1.18857437,
  "time": "03:39:46"
 }
][
 {
  "type": "bid",
  "price": 1.23796,
  "amount": 10.00888091,
  "time": "03:39:50"
 },
 {
  "type": "bid",
  "price": 1.23796,
  "amount": 1.00088808,
  "time": "03:39:50"
 },
 {
  "type": "bid",
  "price": 1.23795,
  "amount": 2.28503953,
  "time": "03:39:50"
 },
 {
  "type": "bid",
  "price": 1.23795,
  "amount": 7.72384138,
  "time": "03:39:49"
 },
 {
  "type": "bid",
  "price": 1.23795,
  "amount": 1.00088808,
  "time": "03:39:49"
 },
 {
  "type": "bid",
  "price": 1.23795,
  "amount": 0.10112578,
  "time": "03:39:49"
 }
][
 {
  "type": "bid",
  "price": 1.23555,
  "amount": 4286.48866993,
  "time": "03:40:19"
 }
][
 {
  "type": "bid",
  "price": 1.23798,
  "amount": 8.70080624,
  "time": "03:40:50"
 },
 {
  "type": "bid",
  "price": 1.23798,
  "amount": 1.00088808,
  "time": "03:40:50"
 },
 {
  "type": "bid",
  "price": 1.23797,
  "amount": 10.00888091,
  "time": "03:40:50"
 },
 {
  "type": "bid",
  "price": 1.23797,
  "amount": 1.00088808,
  "time": "03:40:50"
 }
][
 {
  "type": "bid",
  "price": 1.23799,
  "amount": 9.05359678,
  "time": "03:41:10"
 },
 {
  "type": "bid",
  "price": 1.23799,
  "amount": 1.00088808,
  "time": "03:41:10"
 },
 {
  "type": "bid",
  "price": 1.23798,
  "amount": 1.30807467,
  "time": "03:41:10"
 }
][
 {
  "type": "bid",
  "price": 1.23555,
  "amount": 1915.35674094,
  "time": "03:42:20"
 }
][
 {
  "type": "bid",
  "price": 1.23555,
  "amount": 5326.0120802,
  "time": "03:43:06"
 }
][
 {
  "type": "bid",
  "price": 1.238,
  "amount": 10.00888091,
  "time": "03:43:07"
 },
 {
  "type": "bid",
  "price": 1.238,
  "amount": 1.00088808,
  "time": "03:43:07"
 },
 {
  "type": "bid",
  "price": 1.23799,
  "amount": 0.95528413,
  "time": "03:43:07"
 }
][
 {
  "type": "bid",
  "price": 1.23801,
  "amount": 10.00888091,
  "time": "03:43:08"
 },
 {
  "type": "bid",
  "price": 1.23801,
  "amount": 1.00088808,
  "time": "03:43:08"
 }
][
 {
  "type": "bid",
  "price": 1.23802,
  "amount": 8.5392246,
  "time": "03:43:59"
 },
 {
  "type": "bid",
  "price": 1.23802,
  "amount": 1.00088808,
  "time": "03:43:59"
 }
][
 {
  "type": "bid",
  "price": 1.23803,
  "amount": 6.62141451,
  "time": "03:44:07"
 },
 {
  "type": "bid",
  "price": 1.23803,
  "amount": 1.00088808,
  "time": "03:44:07"
 },
 {
  "type": "bid",
  "price": 1.23802,
  "amount": 1.46965631,
  "time": "03:44:07"
 }
][
 {
  "type": "ask",
  "price": 1.23557,
  "amount": 751.82191067,
  "time": "03:44:11"
 }
][
 {
  "type": "bid",
  "price": 1.23804,
  "amount": 1.48722509,
  "time": "03:44:19"
 },
 {
  "type": "bid",
  "price": 1.23804,
  "amount": 0.10085634,
  "time": "03:44:19"
 },
 {
  "type": "bid",
  "price": 1.23804,
  "amount": 10.00888091,
  "time": "03:44:19"
 },
 {
  "type": "bid",
  "price": 1.23804,
  "amount": 1.00088808,
  "time": "03:44:19"
 },
 {
  "type": "bid",
  "price": 1.23803,
  "amount": 3.3874664,
  "time": "03:44:19"
 }
][
 {
  "type": "bid",
  "price": 1.23805,
  "amount": 10.00888091,
  "time": "03:46:17"
 },
 {
  "type": "bid",
  "price": 1.23805,
  "amount": 1.00088808,
  "time": "03:46:17"
 },
 {
  "type": "bid",
  "price": 1.23805,
  "amount": 0.10096418,
  "time": "03:46:17"
 }
][
 {
  "type": "bid",
  "price": 1.23806,
  "amount": 10.00888091,
  "time": "03:46:18"
 },
 {
  "type": "bid",
  "price": 1.23806,
  "amount": 1.00088808,
  "time": "03:46:18"
 }
][
 {
  "type": "bid",
  "price": 1.23807,
  "amount": 10.00888091,
  "time": "03:46:22"
 },
 {
  "type": "bid",
  "price": 1.23807,
  "amount": 1.00088808,
  "time": "03:46:22"
 }
][
 {
  "type": "bid",
  "price": 1.23808,
  "amount": 10.00888091,
  "time": "03:46:26"
 },
 {
  "type": "bid",
  "price": 1.23808,
  "amount": 1.00088808,
  "time": "03:46:26"
 }
][
 {
  "type": "bid",
  "price": 1.2381,
  "amount": 0.1,
  "time": "03:46:29"
 },
 {
  "type": "bid",
  "price": 1.2381,
  "amount": 10.00888091,
  "time": "03:46:29"
 },
 {
  "type": "bid",
  "price": 1.2381,
  "amount": 1.00088808,
  "time": "03:46:29"
 },
 {
  "type": "bid",
  "price": 1.23809,
  "amount": 10.00888091,
  "time": "03:46:28"
 },
 {
  "type": "bid",
  "price": 1.23809,
  "amount": 1.00088808,
  "time": "03:46:28"
 }
][
 {
  "type": "bid",
  "price": 1.23811,
  "amount": 10.00888091,
  "time": "03:46:31"
 },
 {
  "type": "bid",
  "price": 1.23811,
  "amount": 1.00088808,
  "time": "03:46:31"
 },
 {
  "type": "ask",
  "price": 1.23562,
  "amount": 5268.0775848,
  "time": "03:46:30"
 }
][
 {
  "type": "bid",
  "price": 1.23813,
  "amount": 10.00888091,
  "time": "03:46:34"
 },
 {
  "type": "bid",
  "price": 1.23813,
  "amount": 1.00088808,
  "time": "03:46:34"
 },
 {
  "type": "bid",
  "price": 1.23812,
  "amount": 10.00888091,
  "time": "03:46:32"
 },
 {
  "type": "bid",
  "price": 1.23812,
  "amount": 1.00088808,
  "time": "03:46:32"
 }
][
 {
  "type": "bid",
  "price": 1.23815,
  "amount": 10.00888091,
  "time": "03:46:37"
 },
 {
  "type": "bid",
  "price": 1.23815,
  "amount": 1.00088808,
  "time": "03:46:37"
 },
 {
  "type": "bid",
  "price": 1.23815,
  "amount": 0.10096418,
  "time": "03:46:37"
 },
 {
  "type": "bid",
  "price": 1.23814,
  "amount": 10.00888091,
  "time": "03:46:36"
 },
 {
  "type": "bid",
  "price": 1.23814,
  "amount": 1.00088808,
  "time": "03:46:36"
 }
][
 {
  "type": "bid",
  "price": 1.23816,
  "amount": 5.08979999,
  "time": "03:46:39"
 },
 {
  "type": "bid",
  "price": 1.23816,
  "amount": 5.08979999,
  "time": "03:46:39"
 },
 {
  "type": "bid",
  "price": 1.23816,
  "amount": 5.08979999,
  "time": "03:46:39"
 },
 {
  "type": "bid",
  "price": 1.23816,
  "amount": 10.00888091,
  "time": "03:46:39"
 },
 {
  "type": "bid",
  "price": 1.23816,
  "amount": 1.00088808,
  "time": "03:46:39"
 }
][
 {
  "type": "bid",
  "price": 1.23817,
  "amount": 10.00888091,
  "time": "03:46:40"
 },
 {
  "type": "bid",
  "price": 1.23817,
  "amount": 1.00088808,
  "time": "03:46:40"
 }
][
 {
  "type": "bid",
  "price": 1.23819,
  "amount": 10.00888091,
  "time": "03:46:43"
 },
 {
  "type": "bid",
  "price": 1.23819,
  "amount": 1.00088808,
  "time": "03:46:43"
 },
 {
  "type": "bid",
  "price": 1.23818,
  "amount": 10.00888091,
  "time": "03:46:41"
 },
 {
  "type": "bid",
  "price": 1.23818,
  "amount": 1.00088808,
  "time": "03:46:41"
 }
][
 {
  "type": "bid",
  "price": 1.2382,
  "amount": 10.00888091,
  "time": "03:46:44"
 },
 {
  "type": "bid",
  "price": 1.2382,
  "amount": 1.00088808,
  "time": "03:46:44"
 }
][
 {
  "type": "bid",
  "price": 1.23822,
  "amount": 7.92201219,
  "time": "03:46:47"
 },
 {
  "type": "bid",
  "price": 1.23822,
  "amount": 1.00088808,
  "time": "03:46:47"
 },
 {
  "type": "bid",
  "price": 1.23821,
  "amount": 10.00888091,
  "time": "03:46:46"
 },
 {
  "type": "bid",
  "price": 1.23821,
  "amount": 1.00088808,
  "time": "03:46:46"
 }
][
 {
  "type": "bid",
  "price": 1.23823,
  "amount": 10.00888091,
  "time": "03:46:49"
 },
 {
  "type": "bid",
  "price": 1.23823,
  "amount": 1.00088808,
  "time": "03:46:49"
 },
 {
  "type": "bid",
  "price": 1.23822,
  "amount": 2.08686872,
  "time": "03:46:49"
 }
][
 {
  "type": "bid",
  "price": 1.23825,
  "amount": 10.00888091,
  "time": "03:46:51"
 },
 {
  "type": "bid",
  "price": 1.23825,
  "amount": 1.00088808,
  "time": "03:46:51"
 },
 {
  "type": "bid",
  "price": 1.23825,
  "amount": 0.10104495,
  "time": "03:46:51"
 },
 {
  "type": "bid",
  "price": 1.23824,
  "amount": 10.00888091,
  "time": "03:46:50"
 },
 {
  "type": "bid",
  "price": 1.23824,
  "amount": 1.00088808,
  "time": "03:46:50"
 }
][
 {
  "type": "bid",
  "price": 1.23826,
  "amount": 10.00888091,
  "time": "03:46:53"
 },
 {
  "type": "bid",
  "price": 1.23826,
  "amount": 1.00088808,
  "time": "03:46:53"
 }
][
 {
  "type": "bid",
  "price": 1.23827,
  "amount": 5.08979999,
  "time": "03:46:54"
 },
 {
  "type": "bid",
  "price": 1.23827,
  "amount": 5.08979999,
  "time": "03:46:54"
 },
 {
  "type": "bid",
  "price": 1.23827,
  "amount": 5.08979999,
  "time": "03:46:54"
 },
 {
  "type": "bid",
  "price": 1.23827,
  "amount": 10.00888091,
  "time": "03:46:54"
 },
 {
  "type": "bid",
  "price": 1.23827,
  "amount": 1.00088808,
  "time": "03:46:54"
 }
][
 {
  "type": "bid",
  "price": 1.23828,
  "amount": 10.00888091,
  "time": "03:46:55"
 },
 {
  "type": "bid",
  "price": 1.23828,
  "amount": 1.00088808,
  "time": "03:46:55"
 }
][
 {
  "type": "bid",
  "price": 1.23829,
  "amount": 10.00888091,
  "time": "03:47:01"
 },
 {
  "type": "bid",
  "price": 1.23829,
  "amount": 1.00088808,
  "time": "03:47:01"
 }
][
 {
  "type": "bid",
  "price": 1.2383,
  "amount": 0.1,
  "time": "03:47:03"
 },
 {
  "type": "bid",
  "price": 1.2383,
  "amount": 10.00888091,
  "time": "03:47:03"
 },
 {
  "type": "bid",
  "price": 1.2383,
  "amount": 1.00088808,
  "time": "03:47:03"
 }
][
 {
  "type": "bid",
  "price": 1.23831,
  "amount": 10.00888091,
  "time": "03:47:04"
 },
 {
  "type": "bid",
  "price": 1.23831,
  "amount": 1.00088808,
  "time": "03:47:04"
 }
][
 {
  "type": "bid",
  "price": 1.23832,
  "amount": 10.00888091,
  "time": "03:47:06"
 },
 {
  "type": "bid",
  "price": 1.23832,
  "amount": 1.00088808,
  "time": "03:47:06"
 }
][
 {
  "type": "bid",
  "price": 1.23833,
  "amount": 10.00888091,
  "time": "03:47:09"
 },
 {
  "type": "bid",
  "price": 1.23833,
  "amount": 1.00088808,
  "time": "03:47:09"
 }
][
 {
  "type": "bid",
  "price": 1.23573,
  "amount": 554.36572064,
  "time": "03:47:20"
 }
][
 {
  "type": "bid",
  "price": 1.23834,
  "amount": 5.78080192,
  "time": "03:48:25"
 },
 {
  "type": "bid",
  "price": 1.23834,
  "amount": 1.00088808,
  "time": "03:48:25"
 }
][
 {
  "type": "bid",
  "price": 1.23573,
  "amount": 5059.34208163,
  "time": "03:51:08"
 }
][
 {
  "type": "bid",
  "price": 1.23573,
  "amount": 1578.89132366,
  "time": "03:51:28"
 }
][
 {
  "type": "bid",
  "price": 1.23573,
  "amount": 842.82784593,
  "time": "03:51:57"
 }
][
 {
  "type": "bid",
  "price": 1.23573,
  "amount": 690.66279086,
  "time": "03:52:50"
 }
][
 {
  "type": "bid",
  "price": 1.23573,
  "amount": 3401.61241088,
  "time": "03:53:39"
 }
][
 {
  "type": "bid",
  "price": 1.23835,
  "amount": 10.00888091,
  "time": "03:54:37"
 },
 {
  "type": "bid",
  "price": 1.23835,
  "amount": 1.00088808,
  "time": "03:54:37"
 },
 {
  "type": "bid",
  "price": 1.23835,
  "amount": 0.10088348,
  "time": "03:54:37"
 },
 {
  "type": "bid",
  "price": 1.23834,
  "amount": 4.22807899,
  "time": "03:54:37"
 }
][
 {
  "type": "bid",
  "price": 1.23836,
  "amount": 0.10082909,
  "time": "03:54:38"
 },
 {
  "type": "bid",
  "price": 1.23836,
  "amount": 10.00888091,
  "time": "03:54:38"
 },
 {
  "type": "bid",
  "price": 1.23836,
  "amount": 1.00088808,
  "time": "03:54:38"
 }
][
 {
  "type": "bid",
  "price": 1.23837,
  "amount": 4.58195679,
  "time": "03:54:41"
 },
 {
  "type": "bid",
  "price": 1.23837,
  "amount": 5.08979999,
  "time": "03:54:41"
 },
 {
  "type": "bid",
  "price": 1.23837,
  "amount": 10.00888091,
  "time": "03:54:41"
 },
 {
  "type": "bid",
  "price": 1.23837,
  "amount": 1.00088808,
  "time": "03:54:41"
 }
][
 {
  "type": "bid",
  "price": 1.23838,
  "amount": 10.00888091,
  "time": "03:54:42"
 },
 {
  "type": "bid",
  "price": 1.23838,
  "amount": 1.00088808,
  "time": "03:54:42"
 },
 {
  "type": "bid",
  "price": 1.23837,
  "amount": 0.5078432,
  "time": "03:54:42"
 }
][
 {
  "type": "bid",
  "price": 1.23576,
  "amount": 3535.6397257,
  "time": "03:54:43"
 }
][
 {
  "type": "bid",
  "price": 1.23839,
  "amount": 0.149999,
  "time": "03:54:46"
 },
 {
  "type": "bid",
  "price": 1.23839,
  "amount": 10.00888091,
  "time": "03:54:46"
 },
 {
  "type": "bid",
  "price": 1.23839,
  "amount": 1.00088808,
  "time": "03:54:46"
 }
][
 {
  "type": "bid",
  "price": 1.23841,
  "amount": 10.00888091,
  "time": "03:54:51"
 },
 {
  "type": "bid",
  "price": 1.23841,
  "amount": 1.00088808,
  "time": "03:54:51"
 },
 {
  "type": "bid",
  "price": 1.2384,
  "amount": 10.00888091,
  "time": "03:54:49"
 },
 {
  "type": "bid",
  "price": 1.2384,
  "amount": 1.00088808,
  "time": "03:54:49"
 }
][
 {
  "type": "bid",
  "price": 1.23842,
  "amount": 10.00888091,
  "time": "03:54:52"
 },
 {
  "type": "bid",
  "price": 1.23842,
  "amount": 1.00088808,
  "time": "03:54:52"
 },
 {
  "type": "bid",
  "price": 1.23577,
  "amount": 3869.31956404,
  "time": "03:54:51"
 }
][
 {
  "type": "bid",
  "price": 1.23844,
  "amount": 10.00888091,
  "time": "03:54:55"
 },
 {
  "type": "bid",
  "price": 1.23844,
  "amount": 1.00088808,
  "time": "03:54:55"
 },
 {
  "type": "bid",
  "price": 1.23843,
  "amount": 10.00888091,
  "time": "03:54:53"
 },
 {
  "type": "bid",
  "price": 1.23843,
  "amount": 1.00088808,
  "time": "03:54:53"
 }
][
 {
  "type": "bid",
  "price": 1.23845,
  "amount": 10.00888091,
  "time": "03:54:56"
 },
 {
  "type": "bid",
  "price": 1.23845,
  "amount": 1.00088808,
  "time": "03:54:56"
 },
 {
  "type": "bid",
  "price": 1.23845,
  "amount": 0.10088348,
  "time": "03:54:56"
 }
][
 {
  "type": "bid",
  "price": 1.23846,
  "amount": 10.00888091,
  "time": "03:54:57"
 },
 {
  "type": "bid",
  "price": 1.23846,
  "amount": 1.00088808,
  "time": "03:54:57"
 }
][
 {
  "type": "bid",
  "price": 1.23848,
  "amount": 10.00888091,
  "time": "03:55:00"
 },
 {
  "type": "bid",
  "price": 1.23848,
  "amount": 1.00088808,
  "time": "03:55:00"
 },
 {
  "type": "bid",
  "price": 1.23847,
  "amount": 10.00888091,
  "time": "03:54:59"
 },
 {
  "type": "bid",
  "price": 1.23847,
  "amount": 1.00088808,
  "time": "03:54:59"
 }
][
 {
  "type": "bid",
  "price": 1.23581,
  "amount": 4351.26124876,
  "time": "03:55:24"
 }
][
 {
  "type": "bid",
  "price": 1.23581,
  "amount": 4194.88342057,
  "time": "03:57:06"
 }
][
 {
  "type": "bid",
  "price": 1.23581,
  "amount": 3867.47387972,
  "time": "03:58:07"
 }
][
 {
  "type": "bid",
  "price": 1.23581,
  "amount": 2439.20972365,
  "time": "03:59:49"
 }
][
 {
  "type": "bid",
  "price": 1.23581,
  "amount": 5455.71858803,
  "time": "04:01:54"
 }
][
 {
  "type": "bid",
  "price": 1.23849,
  "amount": 10.00888091,
  "time": "04:03:27"
 },
 {
  "type": "bid",
  "price": 1.23849,
  "amount": 1.00088808,
  "time": "04:03:27"
 }
][
 {
  "type": "bid",
  "price": 1.2385,
  "amount": 86.19705257,
  "time": "04:06:14"
 },
 {
  "type": "bid",
  "price": 1.2385,
  "amount": 113.49646856,
  "time": "04:06:12"
 }
][
 {
  "type": "bid",
  "price": 1.2385,
  "amount": 0.1,
  "time": "04:06:59"
 },
 {
  "type": "bid",
  "price": 1.2385,
  "amount": 14.71380394,
  "time": "04:06:59"
 }
][
 {
  "type": "bid",
  "price": 1.2365,
  "amount": 4417.71412048,
  "time": "04:09:52"
 }
][
 {
  "type": "bid",
  "price": 1.23693,
  "amount": 1044.11253122,
  "time": "04:09:55"
 }
][
 {
  "type": "bid",
  "price": 1.23851,
  "amount": 4.99,
  "time": "04:10:24"
 },
 {
  "type": "bid",
  "price": 1.23851,
  "amount": 10.00000091,
  "time": "04:10:24"
 },
 {
  "type": "bid",
  "price": 1.23851,
  "amount": 1.00000009,
  "time": "04:10:24"
 },
 {
  "type": "bid",
  "price": 1.23839,
  "amount": 0.149999,
  "time": "04:10:24"
 },
 {
  "type": "bid",
  "price": 1.23788,
  "amount": 0.149999,
  "time": "04:10:24"
 },
 {
  "type": "bid",
  "price": 1.23737,
  "amount": 0.149999,
  "time": "04:10:23"
 }
][
 {
  "type": "bid",
  "price": 1.23852,
  "amount": 9.04762411,
  "time": "04:10:25"
 },
 {
  "type": "bid",
  "price": 1.23852,
  "amount": 1.00000009,
  "time": "04:10:25"
 }
][
 {
  "type": "bid",
  "price": 1.23853,
  "amount": 10.00000091,
  "time": "04:10:26"
 },
 {
  "type": "bid",
  "price": 1.23853,
  "amount": 1.00000009,
  "time": "04:10:26"
 },
 {
  "type": "bid",
  "price": 1.23852,
  "amount": 0.9523768,
  "time": "04:10:26"
 }
][
 {
  "type": "bid",
  "price": 1.23854,
  "amount": 10.00000091,
  "time": "04:10:43"
 },
 {
  "type": "bid",
  "price": 1.23854,
  "amount": 1.00000009,
  "time": "04:10:43"
 }
][
 {
  "type": "bid",
  "price": 1.23855,
  "amount": 10.00000091,
  "time": "04:10:47"
 },
 {
  "type": "bid",
  "price": 1.23855,
  "amount": 1.00000009,
  "time": "04:10:47"
 },
 {
  "type": "bid",
  "price": 1.23855,
  "amount": 0.10072228,
  "time": "04:10:47"
 }
][
 {
  "type": "bid",
  "price": 1.23856,
  "amount": 10.00000091,
  "time": "04:10:50"
 },
 {
  "type": "bid",
  "price": 1.23856,
  "amount": 1.00000009,
  "time": "04:10:50"
 }
][
 {
  "type": "bid",
  "price": 1.23858,
  "amount": 10.00000091,
  "time": "04:10:54"
 },
 {
  "type": "bid",
  "price": 1.23858,
  "amount": 1.00000009,
  "time": "04:10:54"
 },
 {
  "type": "bid",
  "price": 1.23857,
  "amount": 10.00000091,
  "time": "04:10:52"
 },
 {
  "type": "bid",
  "price": 1.23857,
  "amount": 1.00000009,
  "time": "04:10:52"
 }
][
 {
  "type": "bid",
  "price": 1.23859,
  "amount": 10.00000091,
  "time": "04:10:55"
 },
 {
  "type": "bid",
  "price": 1.23859,
  "amount": 1.00000009,
  "time": "04:10:55"
 }
][
 {
  "type": "bid",
  "price": 1.2386,
  "amount": 0.12524906,
  "time": "04:10:56"
 },
 {
  "type": "bid",
  "price": 1.2386,
  "amount": 10.00000091,
  "time": "04:10:56"
 },
 {
  "type": "bid",
  "price": 1.2386,
  "amount": 1.00000009,
  "time": "04:10:56"
 },
 {
  "type": "bid",
  "price": 1.2386,
  "amount": 1.05304033,
  "time": "04:10:56"
 }
][
 {
  "type": "bid",
  "price": 1.23862,
  "amount": 10.00000091,
  "time": "04:11:00"
 },
 {
  "type": "bid",
  "price": 1.23862,
  "amount": 1.00000009,
  "time": "04:11:00"
 },
 {
  "type": "bid",
  "price": 1.23861,
  "amount": 10.00000091,
  "time": "04:10:58"
 },
 {
  "type": "bid",
  "price": 1.23861,
  "amount": 1.00000009,
  "time": "04:10:58"
 }
][
 {
  "type": "bid",
  "price": 1.23863,
  "amount": 10.00000091,
  "time": "04:11:01"
 },
 {
  "type": "bid",
  "price": 1.23863,
  "amount": 1.00000009,
  "time": "04:11:01"
 }
][
 {
  "type": "bid",
  "price": 1.23864,
  "amount": 10.00000091,
  "time": "04:11:03"
 },
 {
  "type": "bid",
  "price": 1.23864,
  "amount": 1.00000009,
  "time": "04:11:03"
 }
][
 {
  "type": "bid",
  "price": 1.23865,
  "amount": 10.00000091,
  "time": "04:12:09"
 },
 {
  "type": "bid",
  "price": 1.23865,
  "amount": 1.00000009,
  "time": "04:12:09"
 },
 {
  "type": "bid",
  "price": 1.23865,
  "amount": 0.10064177,
  "time": "04:12:09"
 }
][
 {
  "type": "bid",
  "price": 1.23866,
  "amount": 10.00000091,
  "time": "04:12:12"
 },
 {
  "type": "bid",
  "price": 1.23866,
  "amount": 1.00000009,
  "time": "04:12:12"
 }
][
 {
  "type": "bid",
  "price": 1.23867,
  "amount": 10.00000091,
  "time": "04:12:13"
 },
 {
  "type": "bid",
  "price": 1.23867,
  "amount": 1.00000009,
  "time": "04:12:13"
 }
][
 {
  "type": "bid",
  "price": 1.23715,
  "amount": 4494.19297398,
  "time": "04:12:54"
 }
][
 {
  "type": "bid",
  "price": 1.2387,
  "amount": 10.00000091,
  "time": "04:12:58"
 },
 {
  "type": "bid",
  "price": 1.2387,
  "amount": 1.00000009,
  "time": "04:12:58"
 },
 {
  "type": "bid",
  "price": 1.2387,
  "amount": 0.1,
  "time": "04:12:58"
 },
 {
  "type": "bid",
  "price": 1.23869,
  "amount": 10.00000091,
  "time": "04:12:58"
 },
 {
  "type": "bid",
  "price": 1.23869,
  "amount": 1.00000009,
  "time": "04:12:58"
 },
 {
  "type": "bid",
  "price": 1.23868,
  "amount": 0.10082649,
  "time": "04:12:58"
 },
 {
  "type": "bid",
  "price": 1.23868,
  "amount": 10.00000091,
  "time": "04:12:58"
 },
 {
  "type": "bid",
  "price": 1.23868,
  "amount": 1.00000009,
  "time": "04:12:58"
 }
][
 {
  "type": "bid",
  "price": 1.23871,
  "amount": 0.60768,
  "time": "04:13:01"
 },
 {
  "type": "bid",
  "price": 1.23871,
  "amount": 10.00000091,
  "time": "04:13:01"
 },
 {
  "type": "bid",
  "price": 1.23871,
  "amount": 1.00000009,
  "time": "04:13:01"
 }
][
 {
  "type": "bid",
  "price": 1.23872,
  "amount": 0.66641,
  "time": "04:13:02"
 },
 {
  "type": "bid",
  "price": 1.23872,
  "amount": 10.00000091,
  "time": "04:13:02"
 },
 {
  "type": "bid",
  "price": 1.23872,
  "amount": 1.00000009,
  "time": "04:13:02"
 }
][
 {
  "type": "bid",
  "price": 1.23874,
  "amount": 1.54137319,
  "time": "04:13:05"
 },
 {
  "type": "bid",
  "price": 1.23874,
  "amount": 1.00000009,
  "time": "04:13:05"
 },
 {
  "type": "bid",
  "price": 1.23873,
  "amount": 10.00000091,
  "time": "04:13:03"
 },
 {
  "type": "bid",
  "price": 1.23873,
  "amount": 1.00000009,
  "time": "04:13:03"
 }
][
 {
  "type": "bid",
  "price": 1.23875,
  "amount": 10.00000091,
  "time": "04:13:07"
 },
 {
  "type": "bid",
  "price": 1.23875,
  "amount": 1.00000009,
  "time": "04:13:07"
 },
 {
  "type": "bid",
  "price": 1.23875,
  "amount": 0.10064177,
  "time": "04:13:07"
 },
 {
  "type": "bid",
  "price": 1.23874,
  "amount": 1.86139,
  "time": "04:13:05"
 },
 {
  "type": "bid",
  "price": 1.23874,
  "amount": 8.45862772,
  "time": "04:13:05"
 }
][
 {
  "type": "bid",
  "price": 1.23876,
  "amount": 10.00000091,
  "time": "04:13:09"
 },
 {
  "type": "bid",
  "price": 1.23876,
  "amount": 1.00000009,
  "time": "04:13:09"
 }
][
 {
  "type": "bid",
  "price": 1.23877,
  "amount": 0.90214,
  "time": "04:13:10"
 },
 {
  "type": "bid",
  "price": 1.23877,
  "amount": 0.77607,
  "time": "04:13:10"
 },
 {
  "type": "bid",
  "price": 1.23877,
  "amount": 10.00000091,
  "time": "04:13:10"
 },
 {
  "type": "bid",
  "price": 1.23877,
  "amount": 1.00000009,
  "time": "04:13:10"
 }
][
 {
  "type": "bid",
  "price": 1.23878,
  "amount": 10.00000091,
  "time": "04:13:12"
 },
 {
  "type": "bid",
  "price": 1.23878,
  "amount": 1.00000009,
  "time": "04:13:12"
 }
][
 {
  "type": "bid",
  "price": 1.23879,
  "amount": 10.00000091,
  "time": "04:13:14"
 },
 {
  "type": "bid",
  "price": 1.23879,
  "amount": 1.00000009,
  "time": "04:13:14"
 }
][
 {
  "type": "bid",
  "price": 1.2388,
  "amount": 39.08254987,
  "time": "04:13:16"
 },
 {
  "type": "bid",
  "price": 1.2388,
  "amount": 10.00000091,
  "time": "04:13:16"
 },
 {
  "type": "bid",
  "price": 1.2388,
  "amount": 1.00000009,
  "time": "04:13:16"
 }
][
 {
  "type": "bid",
  "price": 1.23882,
  "amount": 1.86149,
  "time": "04:13:18"
 },
 {
  "type": "bid",
  "price": 1.23882,
  "amount": 1.86138,
  "time": "04:13:18"
 },
 {
  "type": "bid",
  "price": 1.23882,
  "amount": 0.66641,
  "time": "04:13:18"
 },
 {
  "type": "bid",
  "price": 1.23882,
  "amount": 10.00000091,
  "time": "04:13:18"
 },
 {
  "type": "bid",
  "price": 1.23882,
  "amount": 1.00000009,
  "time": "04:13:18"
 },
 {
  "type": "bid",
  "price": 1.23881,
  "amount": 0.60768,
  "time": "04:13:17"
 },
 {
  "type": "bid",
  "price": 1.23881,
  "amount": 10.00000091,
  "time": "04:13:17"
 },
 {
  "type": "bid",
  "price": 1.23881,
  "amount": 1.00000009,
  "time": "04:13:17"
 }
][
 {
  "type": "bid",
  "price": 1.23883,
  "amount": 10.00000091,
  "time": "04:13:20"
 },
 {
  "type": "bid",
  "price": 1.23883,
  "amount": 1.00000009,
  "time": "04:13:20"
 }
][
 {
  "type": "bid",
  "price": 1.23884,
  "amount": 10.00000091,
  "time": "04:13:21"
 },
 {
  "type": "bid",
  "price": 1.23884,
  "amount": 1.00000009,
  "time": "04:13:21"
 }
][
 {
  "type": "bid",
  "price": 1.23885,
  "amount": 10.00000091,
  "time": "04:13:28"
 },
 {
  "type": "bid",
  "price": 1.23885,
  "amount": 1.00000009,
  "time": "04:13:28"
 },
 {
  "type": "bid",
  "price": 1.23885,
  "amount": 0.10072228,
  "time": "04:13:28"
 }
][
 {
  "type": "bid",
  "price": 1.23887,
  "amount": 0.77606,
  "time": "04:13:31"
 },
 {
  "type": "bid",
  "price": 1.23887,
  "amount": 0.90212,
  "time": "04:13:31"
 },
 {
  "type": "bid",
  "price": 1.23887,
  "amount": 10.00000091,
  "time": "04:13:31"
 },
 {
  "type": "bid",
  "price": 1.23887,
  "amount": 1.00000009,
  "time": "04:13:31"
 },
 {
  "type": "bid",
  "price": 1.23886,
  "amount": 10.00000091,
  "time": "04:13:29"
 },
 {
  "type": "bid",
  "price": 1.23886,
  "amount": 1.00000009,
  "time": "04:13:29"
 }
][
 {
  "type": "bid",
  "price": 1.23888,
  "amount": 10.00000091,
  "time": "04:13:32"
 },
 {
  "type": "bid",
  "price": 1.23888,
  "amount": 1.00000009,
  "time": "04:13:32"
 }
][
 {
  "type": "bid",
  "price": 1.23725,
  "amount": 3489.23677432,
  "time": "04:14:33"
 }
][
 {
  "type": "bid",
  "price": 1.23889,
  "amount": 10.00000091,
  "time": "04:15:18"
 },
 {
  "type": "bid",
  "price": 1.23889,
  "amount": 1.00000009,
  "time": "04:15:18"
 }
][
 {
  "type": "bid",
  "price": 1.2389,
  "amount": 3.14402152,
  "time": "04:15:23"
 },
 {
  "type": "bid",
  "price": 1.2389,
  "amount": 10.00000091,
  "time": "04:15:23"
 },
 {
  "type": "bid",
  "price": 1.2389,
  "amount": 1.00000009,
  "time": "04:15:23"
 },
 {
  "type": "bid",
  "price": 1.2389,
  "amount": 0.1,
  "time": "04:15:23"
 },
 {
  "type": "bid",
  "price": 1.2389,
  "amount": 0.149999,
  "time": "04:15:23"
 }
][
 {
  "type": "bid",
  "price": 1.23726,
  "amount": 2227.44790056,
  "time": "04:16:09"
 }
][
 {
  "type": "bid",
  "price": 1.23726,
  "amount": 487.78652734,
  "time": "04:18:44"
 }
][
 {
  "type": "bid",
  "price": 1.23726,
  "amount": 1362.16000497,
  "time": "04:19:54"
 }
][
 {
  "type": "bid",
  "price": 1.23726,
  "amount": 3903.21316548,
  "time": "04:22:06"
 }
][
 {
  "type": "bid",
  "price": 1.23726,
  "amount": 4342.35116972,
  "time": "04:22:21"
 }
][
 {
  "type": "bid",
  "price": 1.23726,
  "amount": 456.39484417,
  "time": "04:22:28"
 }
][
 {
  "type": "ask",
  "price": 1.2347,
  "amount": 33.1352696,
  "time": "04:22:42"
 },
 {
  "type": "ask",
  "price": 1.23512,
  "amount": 0.1,
  "time": "04:22:42"
 },
 {
  "type": "ask",
  "price": 1.23562,
  "amount": 0.1,
  "time": "04:22:42"
 },
 {
  "type": "bid",
  "price": 1.23726,
  "amount": 2044.99157777,
  "time": "04:22:41"
 }
][
 {
  "type": "ask",
  "price": 1.2347,
  "amount": 44.8647304,
  "time": "04:22:46"
 }
][
 {
  "type": "bid",
  "price": 1.238,
  "amount": 40.88522873,
  "time": "04:26:49"
 }
][
 {
  "type": "bid",
  "price": 1.23631,
  "amount": 5110.5271628,
  "time": "04:26:59"
 }
][
 {
  "type": "bid",
  "price": 1.238,
  "amount": 36.95877128,
  "time": "04:27:15"
 }
][
 {
  "type": "bid",
  "price": 1.2389,
  "amount": 123.24429008,
  "time": "04:27:26"
 }
][
 {
  "type": "bid",
  "price": 1.2368,
  "amount": 4131.90955106,
  "time": "04:29:30"
 }
][
 {
  "type": "bid",
  "price": 1.2368,
  "amount": 4887.30519041,
  "time": "04:30:29"
 }
][
 {
  "type": "bid",
  "price": 1.2389,
  "amount": 8.9433857,
  "time": "04:31:40"
 }
][
 {
  "type": "bid",
  "price": 1.2368,
  "amount": 2695.02144371,
  "time": "04:31:55"
 }
][
 {
  "type": "bid",
  "price": 1.2368,
  "amount": 4895.8527351,
  "time": "04:32:08"
 }
][
 {
  "type": "bid",
  "price": 1.2368,
  "amount": 1522.32738566,
  "time": "04:33:06"
 }
][
 {
  "type": "ask",
  "price": 1.2368,
  "amount": 2740.92877956,
  "time": "04:34:29"
 }
][
 {
  "type": "ask",
  "price": 1.2368,
  "amount": 4079.41732258,
  "time": "04:34:42"
 }
][
 {
  "type": "bid",
  "price": 1.2389,
  "amount": 12.74831183,
  "time": "04:36:22"
 },
 {
  "type": "bid",
  "price": 1.2389,
  "amount": 63.2703027,
  "time": "04:36:22"
 }
][
 {
  "type": "bid",
  "price": 1.23891,
  "amount": 10.00000091,
  "time": "04:36:30"
 },
 {
  "type": "bid",
  "price": 1.23891,
  "amount": 1.00000009,
  "time": "04:36:30"
 }
][
 {
  "type": "bid",
  "price": 1.23892,
  "amount": 0.66641,
  "time": "04:36:31"
 },
 {
  "type": "bid",
  "price": 1.23892,
  "amount": 1.86148,
  "time": "04:36:31"
 },
 {
  "type": "bid",
  "price": 1.23892,
  "amount": 0.60768,
  "time": "04:36:31"
 },
 {
  "type": "bid",
  "price": 1.23892,
  "amount": 10.00000091,
  "time": "04:36:31"
 },
 {
  "type": "bid",
  "price": 1.23892,
  "amount": 1.00000009,
  "time": "04:36:31"
 }
][
 {
  "type": "bid",
  "price": 1.23893,
  "amount": 10.00000091,
  "time": "04:36:34"
 },
 {
  "type": "bid",
  "price": 1.23893,
  "amount": 1.00000009,
  "time": "04:36:34"
 }
][
 {
  "type": "bid",
  "price": 1.23895,
  "amount": 8.57548254,
  "time": "04:36:36"
 },
 {
  "type": "bid",
  "price": 1.23895,
  "amount": 1.00000009,
  "time": "04:36:36"
 },
 {
  "type": "bid",
  "price": 1.23895,
  "amount": 0.10064177,
  "time": "04:36:36"
 },
 {
  "type": "bid",
  "price": 1.23894,
  "amount": 10.00000091,
  "time": "04:36:35"
 },
 {
  "type": "bid",
  "price": 1.23894,
  "amount": 1.00000009,
  "time": "04:36:35"
 }
][
 {
  "type": "bid",
  "price": 1.23896,
  "amount": 10.00000091,
  "time": "04:36:38"
 },
 {
  "type": "bid",
  "price": 1.23896,
  "amount": 1.00000009,
  "time": "04:36:38"
 },
 {
  "type": "bid",
  "price": 1.23895,
  "amount": 1.42451837,
  "time": "04:36:38"
 }
][
 {
  "type": "bid",
  "price": 1.23897,
  "amount": 0.90211,
  "time": "04:36:39"
 },
 {
  "type": "bid",
  "price": 1.23897,
  "amount": 0.77606,
  "time": "04:36:39"
 },
 {
  "type": "bid",
  "price": 1.23897,
  "amount": 10.00000091,
  "time": "04:36:39"
 },
 {
  "type": "bid",
  "price": 1.23897,
  "amount": 1.00000009,
  "time": "04:36:39"
 }
][
 {
  "type": "bid",
  "price": 1.23899,
  "amount": 10.00000091,
  "time": "04:37:11"
 },
 {
  "type": "bid",
  "price": 1.23899,
  "amount": 1.00000009,
  "time": "04:37:11"
 },
 {
  "type": "bid",
  "price": 1.23898,
  "amount": 10.00000091,
  "time": "04:37:09"
 },
 {
  "type": "bid",
  "price": 1.23898,
  "amount": 1.00000009,
  "time": "04:37:09"
 }
][
 {
  "type": "bid",
  "price": 1.239,
  "amount": 0.10082268,
  "time": "04:37:12"
 },
 {
  "type": "bid",
  "price": 1.239,
  "amount": 10.00000091,
  "time": "04:37:12"
 },
 {
  "type": "bid",
  "price": 1.239,
  "amount": 1.00000009,
  "time": "04:37:12"
 }
][
 {
  "type": "bid",
  "price": 1.23901,
  "amount": 10.00000091,
  "time": "04:37:17"
 },
 {
  "type": "bid",
  "price": 1.23901,
  "amount": 1.00000009,
  "time": "04:37:17"
 }
][
 {
  "type": "bid",
  "price": 1.23902,
  "amount": 0.66641,
  "time": "04:37:18"
 },
 {
  "type": "bid",
  "price": 1.23902,
  "amount": 1.87271,
  "time": "04:37:18"
 },
 {
  "type": "bid",
  "price": 1.23902,
  "amount": 0.61137,
  "time": "04:37:18"
 },
 {
  "type": "bid",
  "price": 1.23902,
  "amount": 10.00000091,
  "time": "04:37:18"
 },
 {
  "type": "bid",
  "price": 1.23902,
  "amount": 1.00000009,
  "time": "04:37:18"
 }
][
 {
  "type": "bid",
  "price": 1.23903,
  "amount": 10.00000091,
  "time": "04:37:21"
 },
 {
  "type": "bid",
  "price": 1.23903,
  "amount": 1.00000009,
  "time": "04:37:21"
 }
][
 {
  "type": "bid",
  "price": 1.23904,
  "amount": 10.00000091,
  "time": "04:37:22"
 },
 {
  "type": "bid",
  "price": 1.23904,
  "amount": 1.00000009,
  "time": "04:37:22"
 }
][
 {
  "type": "bid",
  "price": 1.23905,
  "amount": 10.00000091,
  "time": "04:37:25"
 },
 {
  "type": "bid",
  "price": 1.23905,
  "amount": 1.00000009,
  "time": "04:37:25"
 },
 {
  "type": "bid",
  "price": 1.23905,
  "amount": 0.10056132,
  "time": "04:37:25"
 }
][
 {
  "type": "bid",
  "price": 1.23906,
  "amount": 10.00000091,
  "time": "04:37:26"
 },
 {
  "type": "bid",
  "price": 1.23906,
  "amount": 1.00000009,
  "time": "04:37:26"
 }
][
 {
  "type": "bid",
  "price": 1.23907,
  "amount": 6.42931368,
  "time": "04:37:31"
 },
 {
  "type": "bid",
  "price": 1.23907,
  "amount": 1.00000009,
  "time": "04:37:31"
 }
][
 {
  "type": "bid",
  "price": 1.23689,
  "amount": 1368.8848479,
  "time": "04:38:21"
 }
][
 {
  "type": "bid",
  "price": 1.23689,
  "amount": 3122.13021328,
  "time": "04:39:07"
 }
][
 {
  "type": "bid",
  "price": 1.23689,
  "amount": 884.41466447,
  "time": "04:40:03"
 }
][
 {
  "type": "bid",
  "price": 1.23689,
  "amount": 3400.81978613,
  "time": "04:40:35"
 }
][
 {
  "type": "bid",
  "price": 1.23689,
  "amount": 2572.48628941,
  "time": "04:41:06"
 }
][
 {
  "type": "ask",
  "price": 1.2347,
  "amount": 78,
  "time": "04:43:20"
 }
][
 {
  "type": "ask",
  "price": 1.23462,
  "amount": 0.1,
  "time": "04:43:23"
 }
][
 {
  "type": "ask",
  "price": 1.23412,
  "amount": 0.1,
  "time": "04:43:26"
 }
][
 {
  "type": "ask",
  "price": 1.23362,
  "amount": 0.1,
  "time": "04:43:29"
 }
][
 {
  "type": "ask",
  "price": 1.23312,
  "amount": 0.1,
  "time": "04:43:32"
 }
][
 {
  "type": "ask",
  "price": 1.23286,
  "amount": 0.10084346,
  "time": "04:43:35"
 }
][
 {
  "type": "ask",
  "price": 1.23276,
  "amount": 5.1896,
  "time": "04:43:39"
 },
 {
  "type": "ask",
  "price": 1.23276,
  "amount": 0.10092413,
  "time": "04:43:39"
 }
][
 {
  "type": "ask",
  "price": 1.23275,
  "amount": 1.00289387,
  "time": "04:43:42"
 },
 {
  "type": "ask",
  "price": 1.23275,
  "amount": 0.34392061,
  "time": "04:43:42"
 }
][
 {
  "type": "ask",
  "price": 1.23274,
  "amount": 10.02893879,
  "time": "04:43:45"
 },
 {
  "type": "ask",
  "price": 1.23274,
  "amount": 1.00289387,
  "time": "04:43:45"
 }
][
 {
  "type": "ask",
  "price": 1.23273,
  "amount": 10.02893879,
  "time": "04:43:48"
 },
 {
  "type": "ask",
  "price": 1.23273,
  "amount": 1.00289387,
  "time": "04:43:48"
 }
][
 {
  "type": "ask",
  "price": 1.23272,
  "amount": 10.02893879,
  "time": "04:43:51"
 },
 {
  "type": "ask",
  "price": 1.23272,
  "amount": 1.00289387,
  "time": "04:43:51"
 }
][
 {
  "type": "ask",
  "price": 1.23271,
  "amount": 10.02893879,
  "time": "04:43:54"
 },
 {
  "type": "ask",
  "price": 1.23271,
  "amount": 1.00289387,
  "time": "04:43:54"
 }
][
 {
  "type": "ask",
  "price": 1.2327,
  "amount": 10.02893879,
  "time": "04:43:57"
 },
 {
  "type": "ask",
  "price": 1.2327,
  "amount": 1.00289387,
  "time": "04:43:57"
 }
][
 {
  "type": "ask",
  "price": 1.23269,
  "amount": 10.02893879,
  "time": "04:44:00"
 },
 {
  "type": "ask",
  "price": 1.23269,
  "amount": 1.00289387,
  "time": "04:44:00"
 }
][
 {
  "type": "ask",
  "price": 1.23268,
  "amount": 10.02893879,
  "time": "04:44:05"
 },
 {
  "type": "ask",
  "price": 1.23268,
  "amount": 1.00289387,
  "time": "04:44:05"
 }
][
 {
  "type": "ask",
  "price": 1.23267,
  "amount": 10.02893879,
  "time": "04:44:09"
 },
 {
  "type": "ask",
  "price": 1.23267,
  "amount": 1.00289387,
  "time": "04:44:09"
 }
][
 {
  "type": "ask",
