[
 {
  "type": "ask",
  "price": 10006.505,
  "amount": 0.61405436,
  "time": "20:54:33"
 },
 {
  "type": "ask",
  "price": 10000.99,
  "amount": 0.01,
  "time": "20:54:30"
 },
 {
  "type": "bid",
  "price": 10013,
  "amount": 0.003386,
  "time": "20:54:26"
 },
 {
  "type": "ask",
  "price": 10000,
  "amount": 0.00471068,
  "time": "20:54:20"
 },
 {
  "type": "ask",
  "price": 10000,
  "amount": 0.00471068,
  "time": "20:54:17"
 },
 {
  "type": "ask",
  "price": 10000,
  "amount": 0.0588,
  "time": "20:54:6"
 },
 {
  "type": "ask",
  "price": 10000,
  "amount": 0.02438408,
  "time": "20:53:54"
 },
 {
  "type": "ask",
  "price": 9995,
  "amount": 0.02216083,
  "time": "20:53:45"
 },
 {
  "type": "ask",
  "price": 9995,
  "amount": 0.03141034,
  "time": "20:53:44"
 },
 {
  "type": "ask",
  "price": 9995.001,
  "amount": 0.0010027,
  "time": "20:53:44"
 }
][
 {
  "type": "bid",
  "price": 10013,
  "amount": 0.05,
  "time": "20:54:50"
 }
][
 {
  "type": "ask",
  "price": 10000.01,
  "amount": 0.00901455,
  "time": "20:54:51"
 },
 {
  "type": "ask",
  "price": 10000.011,
  "amount": 0.00100289,
  "time": "20:54:50"
 }
][
 {
  "type": "ask",
  "price": 10006.505,
  "amount": 0.30790032,
  "time": "20:54:55"
 }
][
 {
  "type": "ask",
  "price": 10000.01,
  "amount": 0.00243145,
  "time": "20:55:8"
 }
][
 {
  "type": "ask",
  "price": 10000.01,
  "amount": 0.10455705,
  "time": "20:55:23"
 }
][
 {
  "type": "ask",
  "price": 10000.01,
  "amount": 0.00648972,
  "time": "20:55:29"
 }
][
 {
  "type": "ask",
  "price": 10006.505,
  "amount": 0.0760428,
  "time": "20:55:34"
 }
][
 {
  "type": "bid",
  "price": 10013,
  "amount": 0.05222582,
  "time": "20:56:15"
 }
][
 {
  "type": "ask",
  "price": 10000.02,
  "amount": 0.001,
  "time": "20:56:18"
 }
][
 {
  "type": "ask",
  "price": 10000.01,
  "amount": 0.05957683,
  "time": "20:56:20"
 }
][
 {
  "type": "ask",
  "price": 10000.01,
  "amount": 0.00361004,
  "time": "20:56:21"
 }
][
 {
  "type": "ask",
  "price": 10000.01,
  "amount": 0.005,
  "time": "20:56:26"
 },
 {
  "type": "ask",
  "price": 10000.01,
  "amount": 0.01639962,
  "time": "20:56:25"
 }
][
 {
  "type": "ask",
  "price": 10000.01,
  "amount": 0.0115064,
  "time": "20:56:28"
 },
 {
  "type": "ask",
  "price": 10006.499,
  "amount": 0.0406403,
  "time": "20:56:27"
 }
][
 {
  "type": "ask",
  "price": 10000.01,
  "amount": 0.01171869,
  "time": "20:56:38"
 }
][
 {
  "type": "ask",
  "price": 10000.01,
  "amount": 0.01312525,
  "time": "20:56:40"
 }
][
 {
  "type": "ask",
  "price": 10000.01,
  "amount": 0.02788153,
  "time": "20:56:43"
 }
][
 {
  "type": "ask",
  "price": 10000.01,
  "amount": 0.00596828,
  "time": "20:56:47"
 }
][
 {
  "type": "ask",
  "price": 10000,
  "amount": 0.19556828,
  "time": "20:56:52"
 },
 {
  "type": "ask",
  "price": 10000.01,
  "amount": 0.00403172,
  "time": "20:56:52"
 }
][
 {
  "type": "bid",
  "price": 10012.988,
  "amount": 0.027274,
  "time": "20:56:57"
 },
 {
  "type": "ask",
  "price": 10000,
  "amount": 0.01789427,
  "time": "20:56:56"
 }
][
 {
  "type": "ask",
  "price": 9995,
  "amount": 0.01442463,
  "time": "20:57:10"
 },
 {
  "type": "ask",
  "price": 9995.001,
  "amount": 0.001002,
  "time": "20:57:10"
 },
 {
  "type": "ask",
  "price": 9995.001,
  "amount": 0.0010025,
  "time": "20:57:10"
 },
 {
  "type": "ask",
  "price": 10000,
  "amount": 0.00163204,
  "time": "20:57:10"
 },
 {
  "type": "ask",
  "price": 10000,
  "amount": 0.00320309,
  "time": "20:57:10"
 },
 {
  "type": "ask",
  "price": 10000,
  "amount": 0.005,
  "time": "20:57:10"
 },
 {
  "type": "ask",
  "price": 10000,
  "amount": 0.22405602,
  "time": "20:57:10"
 }
][
 {
  "type": "ask",
  "price": 10013,
  "amount": 0.01314655,
  "time": "20:57:30"
 },
 {
  "type": "ask",
  "price": 10013,
  "amount": 0.0100479,
  "time": "20:57:30"
 },
 {
  "type": "bid",
  "price": 10013,
  "amount": 0.01756493,
  "time": "20:57:29"
 }
][
 {
  "type": "ask",
  "price": 10000.01,
  "amount": 0.01485528,
  "time": "20:57:35"
 }
][
 {
  "type": "bid",
  "price": 10014.989,
  "amount": 0.00100004,
  "time": "20:57:45"
 }
][
 {
  "type": "ask",
  "price": 10014.989,
  "amount": 0.01596606,
  "time": "20:57:46"
 }
][
 {
  "type": "ask",
  "price": 10000.01,
  "amount": 0.00303797,
  "time": "20:57:48"
 }
][
 {
  "type": "ask",
  "price": 10007.546,
  "amount": 0.50327869,
  "time": "20:58:55"
 }
][
 {
  "type": "bid",
  "price": 10034.541,
  "amount": 0.00099961,
  "time": "20:59:37"
 },
 {
  "type": "bid",
  "price": 10034.541,
  "amount": 0.00100003,
  "time": "20:59:37"
 },
 {
  "type": "bid",
  "price": 10034.541,
  "amount": 0.002,
  "time": "20:59:37"
 },
 {
  "type": "bid",
  "price": 10034.541,
  "amount": 0.00100001,
  "time": "20:59:37"
 },
 {
  "type": "bid",
  "price": 10023.741,
  "amount": 0.0134847,
  "time": "20:59:37"
 },
 {
  "type": "bid",
  "price": 10023.74,
  "amount": 0.00100002,
  "time": "20:59:37"
 },
 {
  "type": "bid",
  "price": 10023.729,
  "amount": 0.00100004,
  "time": "20:59:37"
 },
 {
  "type": "bid",
  "price": 10023.729,
  "amount": 0.00199996,
  "time": "20:59:37"
 },
 {
  "type": "bid",
  "price": 10023.729,
  "amount": 0.00100001,
  "time": "20:59:37"
 },
 {
  "type": "bid",
  "price": 10023.719,
  "amount": 0.00100059,
  "time": "20:59:37"
 }
][
 {
  "type": "ask",
  "price": 10020.551,
  "amount": 0.58978666,
  "time": "21:0:2"
 }
][
 {
  "type": "ask",
  "price": 10015,
  "amount": 0.00271176,
  "time": "21:0:13"
 }
][
 {
  "type": "ask",
  "price": 10024.006,
  "amount": 0.55025297,
  "time": "21:0:15"
 },
 {
  "type": "bid",
  "price": 10033,
  "amount": 0.005,
  "time": "21:0:15"
 }
][
 {
  "type": "ask",
  "price": 10024.404,
  "amount": 0.53797547,
  "time": "21:0:26"
 }
][
 {
  "type": "bid",
  "price": 10024.404,
  "amount": 0.02146363,
  "time": "21:0:29"
 }
][
 {
  "type": "bid",
  "price": 10060.129,
  "amount": 0.00100069,
  "time": "21:0:32"
 },
 {
  "type": "bid",
  "price": 10057.058,
  "amount": 0.00100022,
  "time": "21:0:32"
 },
 {
  "type": "bid",
  "price": 10057.058,
  "amount": 0.00100004,
  "time": "21:0:32"
 },
 {
  "type": "bid",
  "price": 10057.058,
  "amount": 0.00100003,
  "time": "21:0:32"
 },
 {
  "type": "ask",
  "price": 10033,
  "amount": 0.02102301,
  "time": "21:0:32"
 },
 {
  "type": "bid",
  "price": 10034.542,
  "amount": 0.0255071,
  "time": "21:0:32"
 },
 {
  "type": "bid",
  "price": 10033.795,
  "amount": 0.0089511,
  "time": "21:0:32"
 },
 {
  "type": "ask",
  "price": 10033,
  "amount": 0.00949061,
  "time": "21:0:31"
 }
][
 {
  "type": "bid",
  "price": 10068.881,
  "amount": 0.00075881,
  "time": "21:0:33"
 },
 {
  "type": "bid",
  "price": 10068.881,
  "amount": 0.00100003,
  "time": "21:0:33"
 },
 {
  "type": "bid",
  "price": 10068.881,
  "amount": 0.002,
  "time": "21:0:33"
 },
 {
  "type": "bid",
  "price": 10068.881,
  "amount": 0.00199997,
  "time": "21:0:33"
 },
 {
  "type": "bid",
  "price": 10060.145,
  "amount": 0.01071466,
  "time": "21:0:33"
 },
 {
  "type": "bid",
  "price": 10060.144,
  "amount": 0.00100009,
  "time": "21:0:33"
 },
 {
  "type": "bid",
  "price": 10060.129,
  "amount": 0.00100049,
  "time": "21:0:33"
 },
 {
  "type": "bid",
  "price": 10060.129,
  "amount": 0.00100001,
  "time": "21:0:33"
 },
 {
  "type": "bid",
  "price": 10060.129,
  "amount": 0.00100003,
  "time": "21:0:32"
 },
 {
  "type": "bid",
  "price": 10060.129,
  "amount": 0.00399998,
  "time": "21:0:32"
 }
][
 {
  "type": "ask",
  "price": 10035,
  "amount": 0.00107,
  "time": "21:0:42"
 }
][
 {
  "type": "ask",
  "price": 10035.001,
  "amount": 0.01415519,
  "time": "21:0:45"
 }
][
 {
  "type": "ask",
  "price": 10048,
  "amount": 0.0221442,
  "time": "21:0:56"
 },
 {
  "type": "bid",
  "price": 10047.849,
  "amount": 0.0078558,
  "time": "21:0:54"
 }
][
 {
  "type": "ask",
  "price": 10048,
  "amount": 0.00565187,
  "time": "21:1:0"
 }
][
 {
  "type": "ask",
  "price": 10048.012,
  "amount": 0.02141607,
  "time": "21:1:2"
 },
 {
  "type": "bid",
  "price": 10096.99,
  "amount": 0.09713708,
  "time": "21:1:2"
 },
 {
  "type": "bid",
  "price": 10090,
  "amount": 0.0565,
  "time": "21:1:2"
 },
 {
  "type": "bid",
  "price": 10089.999,
  "amount": 0.00100007,
  "time": "21:1:2"
 },
 {
  "type": "bid",
  "price": 10089.999,
  "amount": 0.00100012,
  "time": "21:1:2"
 },
 {
  "type": "bid",
  "price": 10089.999,
  "amount": 0.00100018,
  "time": "21:1:2"
 },
 {
  "type": "bid",
  "price": 10089.999,
  "amount": 0.00100008,
  "time": "21:1:2"
 },
 {
  "type": "bid",
  "price": 10089.999,
  "amount": 0.00100028,
  "time": "21:1:2"
 },
 {
  "type": "bid",
  "price": 10084.889,
  "amount": 0.00100038,
  "time": "21:1:2"
 },
 {
  "type": "bid",
  "price": 10084.889,
  "amount": 0.00100028,
  "time": "21:1:1"
 }
][
 {
  "type": "ask",
  "price": 10048.012,
  "amount": 0.01592403,
  "time": "21:1:4"
 }
][
 {
  "type": "ask",
  "price": 10048.013,
  "amount": 0.00341256,
  "time": "21:1:6"
 },
 {
  "type": "ask",
  "price": 10048.012,
  "amount": 0.02560831,
  "time": "21:1:4"
 }
][
 {
  "type": "ask",
  "price": 10050.001,
  "amount": 0.00757403,
  "time": "21:1:14"
 },
 {
  "type": "ask",
  "price": 10050,
  "amount": 0.00993784,
  "time": "21:1:13"
 }
][
 {
  "type": "ask",
  "price": 10050.001,
  "amount": 0.01921772,
  "time": "21:1:16"
 },
 {
  "type": "ask",
  "price": 10064.512,
  "amount": 0.29593345,
  "time": "21:1:15"
 }
][
 {
  "type": "ask",
  "price": 10050.001,
  "amount": 0.00199996,
  "time": "21:1:17"
 }
][
 {
  "type": "ask",
  "price": 10050.001,
  "amount": 0.00199994,
  "time": "21:1:20"
 }
][
 {
  "type": "ask",
  "price": 10050.001,
  "amount": 0.00589613,
  "time": "21:1:23"
 }
][
 {
  "type": "ask",
  "price": 10050.002,
  "amount": 0.06039825,
  "time": "21:1:30"
 }
][
 {
  "type": "ask",
  "price": 10050.001,
  "amount": 0.01,
  "time": "21:1:32"
 }
][
 {
  "type": "ask",
  "price": 10050,
  "amount": 0.01647633,
  "time": "21:1:34"
 }
][
 {
  "type": "ask",
  "price": 10050,
  "amount": 0.01177113,
  "time": "21:1:37"
 }
][
 {
  "type": "ask",
  "price": 10050,
  "amount": 0.02149649,
  "time": "21:1:39"
 }
][
 {
  "type": "bid",
  "price": 10078.988,
  "amount": 0.026232,
  "time": "21:1:52"
 }
][
 {
  "type": "ask",
  "price": 10065.012,
  "amount": 0.46183176,
  "time": "21:2:29"
 }
][
 {
  "type": "bid",
  "price": 10079,
  "amount": 0.07399996,
  "time": "21:2:36"
 },
 {
  "type": "bid",
  "price": 10079,
  "amount": 0.005,
  "time": "21:2:36"
 }
][
 {
  "type": "ask",
  "price": 10051.004,
  "amount": 0.02225152,
  "time": "21:2:42"
 },
 {
  "type": "ask",
  "price": 10055,
  "amount": 0.001,
  "time": "21:2:42"
 }
][
 {
  "type": "bid",
  "price": 10051.002,
  "amount": 0.00677989,
  "time": "21:2:43"
 }
][
 {
  "type": "bid",
  "price": 10055,
  "amount": 0.10440561,
  "time": "21:2:53"
 }
][
 {
  "type": "bid",
  "price": 10055,
  "amount": 0.10440576,
  "time": "21:2:54"
 }
][
 {
  "type": "bid",
  "price": 10055,
  "amount": 0.10440594,
  "time": "21:2:57"
 }
][
 {
  "type": "bid",
  "price": 10055,
  "amount": 0.03,
  "time": "21:2:58"
 },
 {
  "type": "bid",
  "price": 10055,
  "amount": 0.05678269,
  "time": "21:2:58"
 }
][
 {
  "type": "ask",
  "price": 10065.513,
  "amount": 0.10275844,
  "time": "21:3:16"
 }
][
 {
  "type": "bid",
  "price": 10079.99,
  "amount": 0.0025336,
  "time": "21:3:20"
 },
 {
  "type": "bid",
  "price": 10079.024,
  "amount": 0.0059644,
  "time": "21:3:20"
 }
][
 {
  "type": "bid",
  "price": 10080,
  "amount": 0.04750123,
  "time": "21:3:25"
 },
 {
  "type": "ask",
  "price": 10052.001,
  "amount": 0.00489865,
  "time": "21:3:24"
 }
][
 {
  "type": "ask",
  "price": 10079.012,
  "amount": 0.29728765,
  "time": "21:3:30"
 },
 {
  "type": "ask",
  "price": 10079.012,
  "amount": 0.00271235,
  "time": "21:3:29"
 }
][
 {
  "type": "ask",
  "price": 10079,
  "amount": 0.0016602,
  "time": "21:3:42"
 },
 {
  "type": "ask",
  "price": 10079,
  "amount": 0.0057937,
  "time": "21:3:39"
 }
][
 {
  "type": "bid",
  "price": 10079,
  "amount": 0.05217823,
  "time": "21:3:44"
 },
 {
  "type": "ask",
  "price": 10079,
  "amount": 0.00276898,
  "time": "21:3:44"
 }
][
 {
  "type": "bid",
  "price": 10078.968,
  "amount": 0.00540615,
  "time": "21:3:51"
 }
][
 {
  "type": "ask",
  "price": 10054,
  "amount": 0.0087118,
  "time": "21:4:5"
 }
][
 {
  "type": "ask",
  "price": 10054,
  "amount": 0.0113882,
  "time": "21:4:9"
 }
][
 {
  "type": "bid",
  "price": 10054,
  "amount": 0.0087118,
  "time": "21:4:13"
 }
][
 {
  "type": "bid",
  "price": 10052.001,
  "amount": 0.0087118,
  "time": "21:4:14"
 }
][
 {
  "type": "ask",
  "price": 10052.002,
  "amount": 0.02981379,
  "time": "21:4:32"
 }
][
 {
  "type": "bid",
  "price": 10077.968,
  "amount": 0.05209242,
  "time": "21:4:52"
 }
][
 {
  "type": "ask",
  "price": 10052.101,
  "amount": 0.05149167,
  "time": "21:5:21"
 }
][
 {
  "type": "ask",
  "price": 10052.1,
  "amount": 0.03,
  "time": "21:5:25"
 }
][
 {
  "type": "ask",
  "price": 10052.1,
  "amount": 0.02492771,
  "time": "21:5:28"
 }
][
 {
  "type": "ask",
  "price": 10052.1,
  "amount": 0.00379238,
  "time": "21:5:31"
 },
 {
  "type": "bid",
  "price": 10074.99,
  "amount": 0.08,
  "time": "21:5:31"
 }
][
 {
  "type": "ask",
  "price": 10052.1,
  "amount": 0.0044506,
  "time": "21:5:34"
 }
][
 {
  "type": "ask",
  "price": 10051,
  "amount": 0.482,
  "time": "21:5:37"
 }
][
 {
  "type": "bid",
  "price": 10051,
  "amount": 0.08608669,
  "time": "21:5:41"
 },
 {
  "type": "ask",
  "price": 10051,
  "amount": 0.00480807,
  "time": "21:5:40"
 }
][
 {
  "type": "ask",
  "price": 10050,
  "amount": 0.01380577,
  "time": "21:5:44"
 },
 {
  "type": "ask",
  "price": 10050.001,
  "amount": 0.00388414,
  "time": "21:5:44"
 }
][
 {
  "type": "ask",
  "price": 10037.275,
  "amount": 0.46560707,
  "time": "21:5:46"
 }
][
 {
  "type": "ask",
  "price": 10037.775,
  "amount": 0.55210675,
  "time": "21:5:53"
 }
][
 {
  "type": "ask",
  "price": 10034.77,
  "amount": 0.46317508,
  "time": "21:6:35"
 },
 {
  "type": "bid",
  "price": 10044.988,
  "amount": 0.00528104,
  "time": "21:6:34"
 }
][
 {
  "type": "ask",
  "price": 10034.771,
  "amount": 0.15034906,
  "time": "21:6:58"
 }
][
 {
  "type": "ask",
  "price": 10034.771,
  "amount": 0.3647204,
  "time": "21:7:4"
 }
][
 {
  "type": "bid",
  "price": 10045,
  "amount": 0.12495536,
  "time": "21:7:38"
 }
][
 {
  "type": "ask",
  "price": 10045,
  "amount": 0.181,
  "time": "21:7:44"
 }
][
 {
  "type": "ask",
  "price": 10048,
  "amount": 0.62650646,
  "time": "21:8:12"
 }
][
 {
  "type": "ask",
  "price": 10048,
  "amount": 0.05190444,
  "time": "21:8:38"
 },
 {
  "type": "bid",
  "price": 10051,
  "amount": 0.00102083,
  "time": "21:8:37"
 }
][
 {
  "type": "bid",
  "price": 10072.98,
  "amount": 0.00295655,
  "time": "21:8:41"
 },
 {
  "type": "bid",
  "price": 10072.968,
  "amount": 0.13704345,
  "time": "21:8:41"
 }
][
 {
  "type": "ask",
  "price": 10051,
  "amount": 0.002,
  "time": "21:8:59"
 }
][
 {
  "type": "bid",
  "price": 10072.988,
  "amount": 0.00200019,
  "time": "21:9:7"
 }
][
 {
  "type": "ask",
  "price": 10072.988,
  "amount": 0.0436665,
  "time": "21:9:8"
 }
][
 {
  "type": "ask",
  "price": 10051,
  "amount": 0.01316295,
  "time": "21:9:17"
 },
 {
  "type": "ask",
  "price": 10051,
  "amount": 0.015648,
  "time": "21:9:17"
 }
][
 {
  "type": "bid",
  "price": 10072.988,
  "amount": 0.1042409,
  "time": "21:9:31"
 }
][
 {
  "type": "bid",
  "price": 10072.988,
  "amount": 0.00986509,
  "time": "21:9:40"
 }
][
 {
  "type": "bid",
  "price": 10089.99,
  "amount": 0.18928754,
  "time": "21:9:52"
 },
 {
  "type": "bid",
  "price": 10077.968,
  "amount": 0.01418992,
  "time": "21:9:52"
 },
 {
  "type": "bid",
  "price": 10077.8,
  "amount": 0.00199601,
  "time": "21:9:52"
 },
 {
  "type": "bid",
  "price": 10074.9,
  "amount": 0.04996,
  "time": "21:9:52"
 },
 {
  "type": "bid",
  "price": 10072.989,
  "amount": 0.00200035,
  "time": "21:9:52"
 },
 {
  "type": "bid",
  "price": 10072.988,
  "amount": 0.08589401,
  "time": "21:9:52"
 },
 {
  "type": "bid",
  "price": 10072.9,
  "amount": 0.65667217,
  "time": "21:9:52"
 }
][
 {
  "type": "ask",
  "price": 10070,
  "amount": 0.01,
  "time": "21:10:16"
 }
][
 {
  "type": "ask",
  "price": 10089.99,
  "amount": 0.00991081,
  "time": "21:10:27"
 }
][
 {
  "type": "bid",
  "price": 10090,
  "amount": 0.001005,
  "time": "21:11:29"
 }
][
 {
  "type": "ask",
  "price": 10090,
  "amount": 0.35586185,
  "time": "21:11:37"
 },
 {
  "type": "ask",
  "price": 10090,
  "amount": 0.001,
  "time": "21:11:37"
 },
 {
  "type": "bid",
  "price": 10090,
  "amount": 0.01323178,
  "time": "21:11:36"
 }
][
 {
  "type": "ask",
  "price": 10073.078,
  "amount": 0.37210114,
  "time": "21:12:13"
 },
 {
  "type": "ask",
  "price": 10093.135,
  "amount": 0.04180534,
  "time": "21:12:12"
 },
 {
  "type": "bid",
  "price": 10093.135,
  "amount": 0.00100041,
  "time": "21:12:11"
 },
 {
  "type": "bid",
  "price": 10093.135,
  "amount": 0.00100031,
  "time": "21:12:11"
 },
 {
  "type": "bid",
  "price": 10093.135,
  "amount": 0.00100021,
  "time": "21:12:11"
 },
 {
  "type": "bid",
  "price": 10093.135,
  "amount": 0.00100011,
  "time": "21:12:11"
 }
][
 {
  "type": "bid",
  "price": 10093.135,
  "amount": 0.0042815,
  "time": "21:12:14"
 }
][
 {
  "type": "ask",
  "price": 10060.032,
  "amount": 0.06542945,
  "time": "21:12:22"
 },
 {
  "type": "ask",
  "price": 10090,
  "amount": 0.08431387,
  "time": "21:12:22"
 },
 {
  "type": "ask",
  "price": 10090,
  "amount": 0.05866801,
  "time": "21:12:22"
 },
 {
  "type": "ask",
  "price": 10090,
  "amount": 0.00601812,
  "time": "21:12:22"
 }
][
 {
  "type": "ask",
  "price": 10077.078,
  "amount": 0.56874802,
  "time": "21:12:41"
 }
][
 {
  "type": "bid",
  "price": 10093.136,
  "amount": 0.0098,
  "time": "21:12:45"
 },
 {
  "type": "bid",
  "price": 10093.136,
  "amount": 0.0030574,
  "time": "21:12:45"
 }
][
 {
  "type": "ask",
  "price": 10077.1,
  "amount": 0.00747,
  "time": "21:12:50"
 }
][
 {
  "type": "bid",
  "price": 10097.949,
  "amount": 0.00042154,
  "time": "21:12:55"
 },
 {
  "type": "bid",
  "price": 10097.949,
  "amount": 0.00100002,
  "time": "21:12:55"
 }
][
 {
  "type": "bid",
  "price": 10099,
  "amount": 0.94232697,
  "time": "21:13:7"
 },
 {
  "type": "bid",
  "price": 10097.95,
  "amount": 0.02344539,
  "time": "21:13:7"
 },
 {
  "type": "bid",
  "price": 10097.949,
  "amount": 0.00100026,
  "time": "21:13:7"
 },
 {
  "type": "bid",
  "price": 10097.949,
  "amount": 0.00057853,
  "time": "21:13:7"
 }
][
 {
  "type": "ask",
  "price": 10077.15,
  "amount": 0.0106,
  "time": "21:13:18"
 }
][
 {
  "type": "bid",
  "price": 10099,
  "amount": 0.18130093,
  "time": "21:13:26"
 }
][
 {
  "type": "ask",
  "price": 10077.142,
  "amount": 0.01313663,
  "time": "21:13:29"
 }
][
 {
  "type": "bid",
  "price": 10088.056,
  "amount": 0.14123245,
  "time": "21:14:1"
 }
][
 {
  "type": "bid",
  "price": 10088.072,
  "amount": 0.56674313,
  "time": "21:14:7"
 }
][
 {
  "type": "bid",
  "price": 10099,
  "amount": 0.35,
  "time": "21:14:9"
 }
][
 {
  "type": "ask",
  "price": 10080,
  "amount": 0.01,
  "time": "21:14:10"
 }
][
 {
  "type": "ask",
  "price": 10088.073,
  "amount": 0.4685853,
  "time": "21:14:26"
 },
 {
  "type": "bid",
  "price": 10099,
  "amount": 0.01989697,
  "time": "21:14:26"
 }
][
 {
  "type": "ask",
  "price": 10082.573,
  "amount": 0.59269671,
  "time": "21:14:43"
 }
][
 {
  "type": "ask",
  "price": 10077.148,
  "amount": 0.00637164,
  "time": "21:14:59"
 },
 {
  "type": "ask",
  "price": 10098.968,
  "amount": 0.093,
  "time": "21:14:59"
 },
 {
  "type": "bid",
  "price": 10088,
  "amount": 0.01,
  "time": "21:14:57"
 }
][
 {
  "type": "bid",
  "price": 10099,
  "amount": 0.01408407,
  "time": "21:15:8"
 },
 {
  "type": "bid",
  "price": 10098.968,
  "amount": 0.00476093,
  "time": "21:15:8"
 }
][
 {
  "type": "ask",
  "price": 10088.074,
  "amount": 0.50254303,
  "time": "21:15:10"
 }
][
 {
  "type": "ask",
  "price": 10088.074,
  "amount": 0.04650529,
  "time": "21:15:25"
 }
][
 {
  "type": "bid",
  "price": 10099,
  "amount": 0.0407417,
  "time": "21:15:45"
 }
][
 {
  "type": "bid",
  "price": 10100,
  "amount": 0.0111,
  "time": "21:15:58"
 },
 {
  "type": "bid",
  "price": 10100,
  "amount": 0.1,
  "time": "21:15:58"
 },
 {
  "type": "bid",
  "price": 10100,
  "amount": 0.14154,
  "time": "21:15:58"
 },
 {
  "type": "bid",
  "price": 10100,
  "amount": 0.006,
  "time": "21:15:58"
 },
 {
  "type": "bid",
  "price": 10100,
  "amount": 0.87333104,
  "time": "21:15:58"
 },
 {
  "type": "bid",
  "price": 10099,
  "amount": 0.64634637,
  "time": "21:15:58"
 },
 {
  "type": "bid",
  "price": 10099,
  "amount": 0.02,
  "time": "21:15:56"
 }
][
 {
  "type": "ask",
  "price": 10100,
  "amount": 0.0607417,
  "time": "21:15:59"
 }
][
 {
  "type": "ask",
  "price": 10090,
  "amount": 0.0012,
  "time": "21:16:18"
 }
][
 {
  "type": "bid",
  "price": 10094.989,
  "amount": 0.04112885,
  "time": "21:16:19"
 }
][
 {
  "type": "ask",
  "price": 10088.001,
  "amount": 0.0477576,
  "time": "21:16:20"
 }
][
 {
  "type": "bid",
  "price": 10094.995,
  "amount": 0.57478824,
  "time": "21:16:22"
 }
][
 {
  "type": "ask",
  "price": 10090.001,
  "amount": 0.00955186,
  "time": "21:16:30"
 }
][
 {
  "type": "ask",
  "price": 10090.001,
  "amount": 0.02184371,
  "time": "21:16:36"
 }
][
 {
  "type": "ask",
  "price": 10090.001,
  "amount": 0.05660505,
  "time": "21:16:40"
 },
 {
  "type": "ask",
  "price": 10090.001,
  "amount": 0.06978989,
  "time": "21:16:40"
 }
][
 {
  "type": "ask",
  "price": 10090,
  "amount": 0.0652986,
  "time": "21:16:45"
 },
 {
  "type": "ask",
  "price": 10090,
  "amount": 0.03657201,
  "time": "21:16:43"
 }
][
 {
  "type": "ask",
  "price": 10090,
  "amount": 0.01953036,
  "time": "21:16:46"
 }
][
 {
  "type": "ask",
  "price": 10090,
  "amount": 0.01678167,
  "time": "21:16:51"
 }
][
 {
  "type": "ask",
  "price": 10090,
  "amount": 0.01494733,
  "time": "21:16:54"
 }
][
 {
  "type": "ask",
  "price": 10090,
  "amount": 0.17983398,
  "time": "21:16:56"
 }
][
 {
  "type": "ask",
  "price": 10090,
  "amount": 0.20165055,
  "time": "21:17:21"
 }
][
 {
  "type": "ask",
  "price": 10090,
  "amount": 0.0653855,
  "time": "21:17:30"
 }
][
 {
  "type": "ask",
  "price": 10077.15,
  "amount": 0.00834476,
  "time": "21:17:51"
 },
 {
  "type": "ask",
  "price": 10077.15,
  "amount": 0.00101179,
  "time": "21:17:51"
 }
][
 {
  "type": "bid",
  "price": 10077.15,
  "amount": 0.00271861,
  "time": "21:17:57"
 }
][
 {
  "type": "bid",
  "price": 10090,
  "amount": 0.001,
  "time": "21:18:50"
 }
][
 {
  "type": "ask",
  "price": 10077.15,
  "amount": 0.06472273,
  "time": "21:18:55"
 },
 {
  "type": "ask",
  "price": 10078.45,
  "amount": 0.03303427,
  "time": "21:18:55"
 }
][
 {
  "type": "ask",
  "price": 10077.15,
  "amount": 0.17316534,
  "time": "21:19:5"
 }
][
 {
  "type": "bid",
  "price": 10078.45,
  "amount": 0.00166095,
  "time": "21:19:7"
 }
][
 {
  "type": "ask",
  "price": 10077,
  "amount": 0.00373459,
  "time": "21:19:11"
 },
 {
  "type": "ask",
  "price": 10077.15,
  "amount": 0.09626541,
  "time": "21:19:11"
 }
][
 {
  "type": "bid",
  "price": 10090,
  "amount": 0.059736,
  "time": "21:19:34"
 },
 {
  "type": "bid",
  "price": 10089.99,
  "amount": 0.363,
  "time": "21:19:34"
 }
][
 {
  "type": "ask",
  "price": 10089.99,
  "amount": 0.02,
  "time": "21:19:43"
 }
][
 {
  "type": "ask",
  "price": 10077,
  "amount": 0.04981627,
  "time": "21:19:52"
 }
][
 {
  "type": "ask",
  "price": 10077,
  "amount": 0.0499168,
  "time": "21:19:59"
 }
][
 {
  "type": "bid",
  "price": 10090,
  "amount": 0.00114779,
  "time": "21:20:1"
 },
 {
  "type": "bid",
  "price": 10090,
  "amount": 0.002,
  "time": "21:20:1"
 },
 {
  "type": "bid",
  "price": 10090,
  "amount": 0.02685221,
  "time": "21:20:1"
 },
 {
  "type": "ask",
  "price": 10077,
  "amount": 0.25238509,
  "time": "21:20:0"
 }
][
 {
  "type": "bid",
  "price": 10074.5,
  "amount": 0.5621945,
  "time": "21:20:4"
 }
][
 {
  "type": "bid",
  "price": 10074.495,
  "amount": 0.46255712,
  "time": "21:20:27"
 },
 {
  "type": "bid",
  "price": 10089.98,
  "amount": 0.00756879,
  "time": "21:20:26"
 }
][
 {
  "type": "ask",
  "price": 10074.495,
  "amount": 0.20603153,
  "time": "21:21:26"
 }
][
 {
  "type": "bid",
  "price": 10099.99,
  "amount": 0.00926243,
  "time": "21:21:43"
 }
][
 {
  "type": "bid",
  "price": 10087.24,
  "amount": 0.06358653,
  "time": "21:21:52"
 }
][
 {
  "type": "ask",
  "price": 10089.99,
  "amount": 0.00994171,
  "time": "21:21:55"
 }
][
 {
  "type": "ask",
  "price": 10090,
  "amount": 0.0408226,
  "time": "21:22:19"
 }
][
 {
  "type": "ask",
  "price": 10090,
  "amount": 0.00393328,
  "time": "21:22:26"
 }
][
 {
  "type": "ask",
  "price": 10089.99,
  "amount": 0.0472697,
  "time": "21:22:28"
 }
][
 {
  "type": "bid",
  "price": 10087.24,
  "amount": 0.18355254,
  "time": "21:22:53"
 }
][
 {
  "type": "bid",
  "price": 10099.99,
  "amount": 0.00158744,
  "time": "21:22:57"
 },
 {
  "type": "bid",
  "price": 10099.99,
  "amount": 0.00998001,
  "time": "21:22:57"
 }
][
 {
  "type": "ask",
  "price": 10089,
  "amount": 0.00527654,
  "time": "21:23:15"
 }
][
 {
  "type": "ask",
  "price": 10080,
  "amount": 0.124254,
  "time": "21:23:22"
 }
][
 {
  "type": "ask",
  "price": 10075,
  "amount": 0.02694152,
  "time": "21:24:14"
 }
][
 {
  "type": "bid",
  "price": 10086.745,
  "amount": 0.14058964,
  "time": "21:24:37"
 }
][
 {
  "type": "ask",
  "price": 10074.49,
  "amount": 0.00201,
  "time": "21:24:40"
 }
][
 {
  "type": "bid",
  "price": 10079,
  "amount": 0.25719798,
  "time": "21:25:14"
 }
][
 {
  "type": "ask",
  "price": 10059,
  "amount": 0.00957848,
  "time": "21:25:17"
 }
][
 {
  "type": "bid",
  "price": 10079,
  "amount": 0.05293836,
  "time": "21:25:33"
 }
][
 {
  "type": "bid",
  "price": 10105.851,
  "amount": 0.00665126,
  "time": "21:26:11"
 },
 {
  "type": "bid",
  "price": 10105.84,
  "amount": 0.172,
  "time": "21:26:11"
 },
 {
  "type": "bid",
  "price": 10105.839,
  "amount": 0.00100019,
  "time": "21:26:10"
 },
 {
  "type": "bid",
  "price": 10105.839,
  "amount": 0.00100009,
  "time": "21:26:10"
 },
 {
  "type": "bid",
  "price": 10105.839,
  "amount": 0.00100029,
  "time": "21:26:10"
 },
 {
  "type": "bid",
  "price": 10104.907,
  "amount": 0.02541666,
  "time": "21:26:10"
 },
 {
  "type": "bid",
  "price": 10102.858,
  "amount": 0.00557369,
  "time": "21:26:10"
 },
 {
  "type": "bid",
  "price": 10102.278,
  "amount": 0.00499,
  "time": "21:26:10"
 },
 {
  "type": "bid",
  "price": 10102,
  "amount": 0.01,
  "time": "21:26:10"
 },
 {
  "type": "bid",
  "price": 10101.999,
  "amount": 0.00100032,
  "time": "21:26:10"
 }
][
 {
  "type": "ask",
  "price": 10059,
  "amount": 0.02542152,
  "time": "21:26:12"
 }
][
 {
  "type": "bid",
  "price": 10105,
  "amount": 0.5,
  "time": "21:27:11"
 }
][
 {
  "type": "bid",
  "price": 10105.851,
  "amount": 0.001,
  "time": "21:27:18"
 }
][
 {
  "type": "ask",
  "price": 10095.319,
  "amount": 0.07227184,
  "time": "21:28:22"
 }
][
 {
  "type": "ask",
  "price": 10102,
  "amount": 0.61496153,
  "time": "21:28:30"
 }
][
 {
  "type": "ask",
  "price": 10102,
  "amount": 0.23448898,
  "time": "21:28:56"
 }
][
 {
  "type": "ask",
  "price": 10102,
  "amount": 0.46332236,
  "time": "21:29:8"
 }
][
 {
  "type": "bid",
  "price": 10122,
  "amount": 0.1240055,
  "time": "21:30:10"
 },
 {
  "type": "bid",
  "price": 10121.999,
  "amount": 0.00100155,
  "time": "21:30:10"
 },
 {
  "type": "bid",
  "price": 10121.999,
  "amount": 0.00100215,
  "time": "21:30:10"
 },
 {
  "type": "bid",
  "price": 10121.999,
  "amount": 0.00100197,
  "time": "21:30:10"
 },
 {
  "type": "bid",
  "price": 10105.851,
  "amount": 0.09214874,
  "time": "21:30:10"
 },
 {
  "type": "bid",
  "price": 10105.58,
  "amount": 0.00200598,
  "time": "21:30:10"
 },
 {
  "type": "bid",
  "price": 10105,
  "amount": 0.00449662,
  "time": "21:30:10"
 }
][
 {
  "type": "bid",
  "price": 10128,
  "amount": 0.04,
  "time": "21:30:46"
 },
 {
  "type": "bid",
  "price": 10127.98,
  "amount": 0.086,
  "time": "21:30:46"
 },
 {
  "type": "bid",
  "price": 10125.375,
  "amount": 0.0060743,
  "time": "21:30:46"
 },
 {
  "type": "bid",
  "price": 10124.503,
  "amount": 0.01583032,
  "time": "21:30:46"
 },
 {
  "type": "bid",
  "price": 10124.502,
  "amount": 0.0010001,
  "time": "21:30:46"
 },
 {
  "type": "bid",
  "price": 10124.502,
  "amount": 0.001,
  "time": "21:30:46"
 },
 {
  "type": "bid",
  "price": 10124.4,
  "amount": 0.092936,
  "time": "21:30:45"
 },
 {
  "type": "bid",
  "price": 10124.399,
  "amount": 0.0010004,
  "time": "21:30:45"
 },
 {
  "type": "bid",
  "price": 10124.399,
  "amount": 0.0010003,
  "time": "21:30:45"
 },
 {
  "type": "bid",
  "price": 10124.389,
  "amount": 0.00369,
  "time": "21:30:45"
 }
][
 {
  "type": "ask",
  "price": 10130,
  "amount": 0.00407454,
  "time": "21:30:48"
 }
][
 {
  "type": "ask",
  "price": 10130,
  "amount": 0.00929777,
  "time": "21:30:49"
 }
][
 {
  "type": "ask",
  "price": 10130,
  "amount": 0.00352867,
  "time": "21:30:52"
 },
 {
  "type": "ask",
  "price": 10130,
  "amount": 0.00282717,
  "time": "21:30:50"
 }
][
 {
  "type": "ask",
  "price": 10130,
  "amount": 0.00708547,
  "time": "21:31:1"
 }
][
 {
  "type": "bid",
  "price": 10140.274,
  "amount": 0.00713144,
  "time": "21:31:4"
 },
 {
  "type": "bid",
  "price": 10140.273,
  "amount": 0.00100106,
  "time": "21:31:4"
 },
 {
  "type": "bid",
  "price": 10140.273,
  "amount": 0.00100096,
  "time": "21:31:4"
 },
 {
  "type": "bid",
  "price": 10140.273,
  "amount": 0.00100076,
  "time": "21:31:4"
 },
 {
  "type": "bid",
  "price": 10140.273,
  "amount": 0.00100066,
  "time": "21:31:4"
 },
 {
  "type": "bid",
  "price": 10140.273,
  "amount": 0.00100056,
  "time": "21:31:4"
 },
 {
  "type": "bid",
  "price": 10140.273,
  "amount": 0.00100046,
  "time": "21:31:4"
 },
 {
  "type": "bid",
  "price": 10140.273,
  "amount": 0.00100036,
  "time": "21:31:4"
 },
 {
  "type": "bid",
  "price": 10139,
  "amount": 0.0396,
  "time": "21:31:4"
 },
 {
  "type": "bid",
  "price": 10139,
  "amount": 0.0495,
  "time": "21:31:4"
 }
][
 {
  "type": "bid",
  "price": 10139.613,
  "amount": 0.18253097,
  "time": "21:31:20"
 }
][
 {
  "type": "bid",
  "price": 10140.274,
  "amount": 0.01769733,
  "time": "21:31:32"
 },
 {
  "type": "bid",
  "price": 10138.952,
  "amount": 0.00747,
  "time": "21:31:32"
 }
][
 {
  "type": "bid",
  "price": 10140.574,
  "amount": 0.001,
  "time": "21:32:22"
 },
 {
  "type": "bid",
  "price": 10140.274,
  "amount": 0.00057727,
  "time": "21:32:22"
 }
][
 {
  "type": "bid",
  "price": 10145.213,
  "amount": 0.00557369,
  "time": "21:32:24"
 }
][
 {
  "type": "bid",
  "price": 10144.249,
  "amount": 0.6102692,
  "time": "21:32:29"
 }
][
 {
  "type": "ask",
  "price": 10130,
  "amount": 2.69917874,
  "time": "21:32:31"
 },
 {
  "type": "ask",
  "price": 10130.001,
  "amount": 0.00100691,
  "time": "21:32:31"
 },
 {
  "type": "ask",
  "price": 10130.01,
  "amount": 0.13123075,
  "time": "21:32:31"
 },
 {
  "type": "ask",
  "price": 10130.011,
  "amount": 0.0010073,
  "time": "21:32:31"
 },
 {
  "type": "ask",
  "price": 10130.011,
  "amount": 0.001007,
  "time": "21:32:31"
 },
 {
  "type": "ask",
  "price": 10130.011,
  "amount": 0.0010072,
  "time": "21:32:31"
 },
 {
  "type": "ask",
  "price": 10140.274,
  "amount": 0.001,
  "time": "21:32:31"
 }
][
 {
  "type": "ask",
  "price": 10140.275,
  "amount": 0.00101062,
  "time": "21:32:32"
 }
][
 {
  "type": "bid",
  "price": 10139.112,
  "amount": 0.52725434,
  "time": "21:32:41"
 }
][
 {
  "type": "bid",
  "price": 10138,
  "amount": 0.25049143,
  "time": "21:32:58"
 }
][
 {
  "type": "ask",
  "price": 10130,
  "amount": 0.001,
  "time": "21:33:9"
 }
][
 {
  "type": "ask",
  "price": 10130,
  "amount": 0.01,
  "time": "21:33:11"
 }
][
 {
  "type": "bid",
  "price": 10146,
  "amount": 0.043643,
  "time": "21:33:19"
 },
 {
  "type": "bid",
  "price": 10144,
  "amount": 0.01,
  "time": "21:33:19"
 }
][
 {
  "type": "bid",
  "price": 10146,
  "amount": 0.28411191,
  "time": "21:33:31"
 }
][
 {
  "type": "ask",
  "price": 10146,
  "amount": 0.00678034,
  "time": "21:33:34"
 }
][
 {
  "type": "ask",
  "price": 10146,
  "amount": 0.00135858,
  "time": "21:33:35"
 },
 {
  "type": "ask",
  "price": 10146,
  "amount": 0.001,
  "time": "21:33:35"
 }
][
 {
  "type": "bid",
  "price": 10147.112,
  "amount": 0.63244258,
  "time": "21:33:54"
 }
][
 {
  "type": "ask",
  "price": 10146,
  "amount": 0.02,
  "time": "21:33:58"
 }
][
 {
  "type": "ask",
  "price": 10146,
  "amount": 0.01,
  "time": "21:34:1"
 }
][
 {
  "type": "bid",
  "price": 10149.917,
  "amount": 0.00247759,
  "time": "21:34:19"
 },
 {
  "type": "bid",
  "price": 10148.224,
  "amount": 0.00253941,
  "time": "21:34:19"
 }
][
 {
  "type": "ask",
  "price": 10146,
  "amount": 0.00450408,
  "time": "21:34:21"
 },
 {
  "type": "bid",
  "price": 10147.112,
  "amount": 0.43051324,
  "time": "21:34:19"
 }
][
 {
  "type": "ask",
  "price": 10140.274,
  "amount": 0.02055436,
  "time": "21:34:23"
 }
][
 {
  "type": "bid",
  "price": 10150,
  "amount": 0.02465151,
  "time": "21:34:37"
 },
 {
  "type": "bid",
  "price": 10149.99,
  "amount": 0.043,
  "time": "21:34:37"
 },
 {
  "type": "bid",
  "price": 10149.917,
  "amount": 0.00084225,
  "time": "21:34:37"
 },
 {
  "type": "bid",
  "price": 10146,
  "amount": 0.03,
  "time": "21:34:37"
 },
 {
  "type": "ask",
  "price": 10140.274,
  "amount": 0.01597085,
  "time": "21:34:36"
 }
][
 {
  "type": "ask",
  "price": 10140.275,
  "amount": 0.0010119,
  "time": "21:34:40"
 },
 {
  "type": "ask",
  "price": 10140.274,
  "amount": 0.57631435,
  "time": "21:34:40"
 }
][
 {
  "type": "ask",
  "price": 10132,
  "amount": 0.01001869,
  "time": "21:34:45"
 }
][
 {
  "type": "ask",
  "price": 10132,
  "amount": 0.58998131,
  "time": "21:34:56"
 }
][
 {
  "type": "ask",
  "price": 10132,
  "amount": 0.00571254,
  "time": "21:34:58"
 },
 {
  "type": "bid",
  "price": 10141,
  "amount": 0.14583078,
  "time": "21:34:58"
 }
][
 {
  "type": "ask",
  "price": 10131,
  "amount": 0.01,
  "time": "21:35:0"
 }
][
 {
  "type": "ask",
  "price": 10130.001,
  "amount": 0.00100651,
  "time": "21:35:3"
 }
][
 {
  "type": "bid",
  "price": 10150,
  "amount": 0.02057792,
  "time": "21:35:5"
 }
][
 {
  "type": "ask",
  "price": 10133,
  "amount": 0.00999181,
  "time": "21:35:50"
 }
][
 {
  "type": "ask",
  "price": 10132,
  "amount": 0.0045,
  "time": "21:35:53"
 }
][
 {
  "type": "bid",
  "price": 10148,
  "amount": 0.05,
  "time": "21:37:20"
 }
][
 {
  "type": "ask",
  "price": 10135,
  "amount": 0.2973,
  "time": "21:37:25"
 }
][
 {
  "type": "ask",
  "price": 10132,
  "amount": 0.03162029,
  "time": "21:37:26"
 }
][
 {
  "type": "ask",
  "price": 10127.9,
  "amount": 0.0058203,
  "time": "21:37:57"
 }
][
 {
  "type": "bid",
  "price": 10127.9,
  "amount": 0.01231422,
  "time": "21:38:12"
 }
][
 {
  "type": "ask",
  "price": 10124.933,
  "amount": 0.001003,
  "time": "21:38:47"
 }
][
 {
  "type": "ask",
  "price": 10122.463,
  "amount": 0.16199964,
  "time": "21:39:5"
 }
][
 {
  "type": "ask",
  "price": 10122.463,
  "amount": 0.33939095,
  "time": "21:39:11"
 }
][
 {
  "type": "bid",
  "price": 10119.993,
  "amount": 0.001997,
  "time": "21:39:25"
 },
 {
  "type": "ask",
  "price": 10119.993,
  "amount": 0.001003,
  "time": "21:39:23"
 }
][
 {
  "type": "ask",
  "price": 10114.967,
  "amount": 0.61192876,
  "time": "21:39:27"
 }
][
 {
  "type": "ask",
  "price": 10114.967,
  "amount": 0.38680359,
  "time": "21:39:31"
 }
][
 {
  "type": "ask",
  "price": 10105,
  "amount": 0.001005,
  "time": "21:39:39"
 }
][
 {
  "type": "bid",
  "price": 10105,
  "amount": 0.09307223,
  "time": "21:39:40"
 },
 {
  "type": "bid",
  "price": 10105,
  "amount": 0.00228064,
  "time": "21:39:40"
 }
][
 {
  "type": "ask",
  "price": 10117.505,
  "amount": 0.16864492,
  "time": "21:40:18"
 }
][
 {
  "type": "bid",
  "price": 10132,
  "amount": 0.012495,
  "time": "21:40:33"
 }
][
 {
  "type": "ask",
  "price": 10103.01,
  "amount": 0.001996,
  "time": "21:40:41"
 },
 {
  "type": "ask",
  "price": 10103.01,
  "amount": 0.01195795,
  "time": "21:40:40"
 }
][
 {
  "type": "ask",
  "price": 10117.51,
  "amount": 0.28682127,
  "time": "21:41:1"
 }
][
 {
  "type": "ask",
  "price": 10117.51,
  "amount": 0.20567524,
  "time": "21:41:14"
 }
][
 {
  "type": "ask",
  "price": 10117.51,
  "amount": 0.11599519,
  "time": "21:41:48"
 }
][
 {
  "type": "bid",
  "price": 10123.02,
  "amount": 0.001,
  "time": "21:42:0"
 }
][
 {
  "type": "bid",
  "price": 10123.02,
  "amount": 1.06628954,
  "time": "21:42:4"
 }
][
 {
  "type": "ask",
  "price": 10117.01,
  "amount": 0.47762555,
  "time": "21:42:22"
 }
][
 {
  "type": "ask",
  "price": 10120.5,
  "amount": 0.46868124,
  "time": "21:42:38"
 }
][
 {
  "type": "bid",
  "price": 10120.5,
  "amount": 0.19144888,
  "time": "21:43:3"
 }
][
 {
  "type": "ask",
  "price": 10110,
  "amount": 0.01461196,
  "time": "21:43:22"
 }
][
 {
  "type": "ask",
  "price": 10125.5,
  "amount": 0.19777188,
  "time": "21:43:41"
 }
][
 {
  "type": "bid",
  "price": 10132,
  "amount": 0.10980316,
  "time": "21:43:43"
 },
 {
  "type": "bid",
  "price": 10131,
  "amount": 0.00300117,
  "time": "21:43:43"
 },
 {
  "type": "bid",
  "price": 10131,
  "amount": 0.04466638,
  "time": "21:43:43"
 },
 {
  "type": "bid",
  "price": 10125.5,
  "amount": 0.00528606,
  "time": "21:43:43"
 }
][
 {
  "type": "bid",
  "price": 10126,
  "amount": 0.08764406,
  "time": "21:43:50"
 }
][
 {
  "type": "bid",
  "price": 10135,
  "amount": 0.05,
  "time": "21:44:8"
 },
 {
  "type": "bid",
  "price": 10132,
  "amount": 0.00528606,
  "time": "21:44:8"
 }
][
 {
  "type": "bid",
  "price": 10134.5,
  "amount": 0.1718282,
  "time": "21:44:36"
 }
][
 {
  "type": "bid",
  "price": 10103,
  "amount": 0.00178366,
  "time": "21:44:38"
 },
 {
  "type": "ask",
  "price": 10103,
  "amount": 0.00448851,
  "time": "21:44:37"
 },
 {
  "type": "ask",
  "price": 10110,
  "amount": 0.10907343,
  "time": "21:44:37"
 },
 {
  "type": "ask",
  "price": 10120,
  "amount": 0.004,
  "time": "21:44:37"
 }
][
 {
  "type": "ask",
  "price": 10101,
  "amount": 0.22545388,
  "time": "21:44:39"
 },
 {
  "type": "bid",
  "price": 10103,
  "amount": 0.001,
  "time": "21:44:39"
 }
][
 {
  "type": "bid",
  "price": 10147.99,
  "amount": 0.006694,
  "time": "21:45:10"
 }
][
 {
  "type": "ask",
  "price": 10099,
  "amount": 0.03708273,
  "time": "21:45:18"
 }
][
 {
  "type": "bid",
  "price": 10122.005,
  "amount": 0.19928281,
  "time": "21:46:16"
 }
][
 {
  "type": "ask",
  "price": 10122.005,
  "amount": 0.04219368,
  "time": "21:46:37"
 }
][
 {
  "type": "ask",
  "price": 10122.005,
  "amount": 0.19627118,
  "time": "21:46:55"
 }
][
 {
  "type": "ask",
  "price": 10099.01,
  "amount": 0.10369318,
  "time": "21:47:3"
 }
][
 {
  "type": "ask",
  "price": 10099.01,
  "amount": 0.10296943,
  "time": "21:47:5"
 }
][
 {
  "type": "bid",
  "price": 10145,
  "amount": 0.10124655,
  "time": "21:47:17"
 }
][
 {
  "type": "ask",
  "price": 10122.005,
  "amount": 0.27919135,
  "time": "21:47:35"
 }
][
 {
  "type": "bid",
  "price": 10128.055,
  "amount": 0.002,
  "time": "21:48:48"
 }
][
 {
  "type": "ask",
  "price": 10128.055,
  "amount": 0.01871487,
  "time": "21:48:50"
 }
][
 {
  "type": "ask",
  "price": 10128.055,
  "amount": 0.01076708,
  "time": "21:48:53"
 },
 {
  "type": "ask",
  "price": 10128.055,
  "amount": 0.00446713,
  "time": "21:48:52"
 }
][
 {
  "type": "ask",
  "price": 10128.055,
  "amount": 0.02536956,
  "time": "21:48:55"
 }
][
 {
  "type": "ask",
  "price": 10128.055,
  "amount": 0.00505836,
  "time": "21:48:58"
 },
 {
  "type": "ask",
  "price": 10128.055,
  "amount": 0.01433027,
  "time": "21:48:56"
 }
][
 {
  "type": "ask",
  "price": 10128.055,
  "amount": 0.00788526,
  "time": "21:48:59"
 }
][
 {
  "type": "ask",
  "price": 10128.055,
  "amount": 0.01141903,
  "time": "21:49:10"
 }
][
 {
  "type": "ask",
  "price": 10128.055,
  "amount": 0.56760953,
  "time": "21:49:12"
 }
][
 {
  "type": "bid",
  "price": 10145,
  "amount": 0.008708,
  "time": "21:49:15"
 }
][
 {
  "type": "ask",
  "price": 10128.07,
  "amount": 0.00210546,
  "time": "21:49:39"
 }
][
 {
  "type": "ask",
  "price": 10128.055,
  "amount": 0.01995402,
  "time": "21:49:45"
 }
][
 {
  "type": "ask",
  "price": 10136.528,
  "amount": 0.38417369,
  "time": "21:49:50"
 }
][
 {
  "type": "ask",
  "price": 10128.055,
  "amount": 0.19844226,
  "time": "21:49:59"
 },
 {
  "type": "ask",
  "price": 10135,
  "amount": 0.05265774,
  "time": "21:49:59"
 }
][
 {
  "type": "ask",
  "price": 10128.055,
  "amount": 0.00197867,
  "time": "21:50:31"
 }
][
 {
  "type": "ask",
  "price": 10128.055,
  "amount": 1.4115,
  "time": "21:50:37"
 }
][
 {
  "type": "ask",
  "price": 10136.528,
  "amount": 0.10318962,
  "time": "21:50:51"
 }
][
 {
  "type": "ask",
  "price": 10136.55,
  "amount": 0.26700618,
  "time": "21:51:8"
 }
][
 {
  "type": "ask",
  "price": 10137,
  "amount": 0.40129092,
  "time": "21:51:32"
 }
][
 {
  "type": "ask",
  "price": 10129,
  "amount": 0.0059672,
  "time": "21:51:45"
 }
][
 {
  "type": "bid",
  "price": 10136,
  "amount": 0.01853569,
  "time": "21:51:46"
 }
][
 {
  "type": "ask",
  "price": 10129,
  "amount": 0.5,
  "time": "21:52:6"
 }
][
 {
  "type": "bid",
  "price": 10145,
  "amount": 0.013473,
  "time": "21:52:15"
 },
 {
  "type": "bid",
  "price": 10145,
  "amount": 0.01348348,
  "time": "21:52:15"
 }
][
 {
  "type": "ask",
  "price": 10145,
  "amount": 0.08860576,
  "time": "21:52:16"
 }
][
 {
  "type": "ask",
  "price": 10145,
  "amount": 0.02194505,
  "time": "21:52:20"
 },
 {
  "type": "ask",
  "price": 10145,
  "amount": 0.0058093,
  "time": "21:52:18"
 }
][
 {
  "type": "ask",
  "price": 10145,
  "amount": 0.00204591,
  "time": "21:52:22"
 }
][
 {
  "type": "ask",
  "price": 10145,
  "amount": 0.109,
  "time": "21:52:39"
 },
 {
  "type": "ask",
  "price": 10145,
  "amount": 0.01650138,
  "time": "21:52:37"
 }
][
 {
  "type": "ask",
  "price": 10145,
  "amount": 0.02291467,
  "time": "21:53:0"
 }
][
 {
  "type": "bid",
  "price": 10148,
  "amount": 0.095658,
  "time": "21:53:7"
 }
][
 {
  "type": "ask",
  "price": 10145,
  "amount": 0.01685088,
  "time": "21:53:16"
 }
][
 {
  "type": "ask",
  "price": 10148,
  "amount": 0.00259551,
  "time": "21:53:20"
 },
 {
  "type": "bid",
  "price": 10148,
  "amount": 0.093842,
  "time": "21:53:19"
 }
][
 {
  "type": "ask",
  "price": 10148,
  "amount": 0.00083222,
  "time": "21:53:20"
 }
][
 {
  "type": "ask",
  "price": 10145,
  "amount": 0.01706286,
  "time": "21:53:32"
 }
][
 {
  "type": "ask",
  "price": 10145,
  "amount": 0.04973047,
  "time": "21:53:35"
 }
][
 {
  "type": "ask",
  "price": 10145,
  "amount": 0.10354753,
  "time": "21:53:37"
 }
][
 {
  "type": "ask",
  "price": 10145,
  "amount": 0.01192309,
  "time": "21:53:40"
 },
 {
  "type": "ask",
  "price": 10145,
  "amount": 0.00167209,
  "time": "21:53:39"
 },
 {
  "type": "ask",
  "price": 10145,
  "amount": 0.10354775,
  "time": "21:53:38"
 }
][
 {
  "type": "ask",
  "price": 10145,
  "amount": 0.3490368,
  "time": "21:53:45"
 },
 {
  "type": "ask",
  "price": 10145,
  "amount": 0.01512411,
  "time": "21:53:45"
 },
 {
  "type": "ask",
  "price": 10145,
  "amount": 0.01610989,
  "time": "21:53:43"
 },
 {
  "type": "ask",
  "price": 10145,
  "amount": 0.00261598,
  "time": "21:53:43"
 }
][
 {
  "type": "ask",
  "price": 10130,
  "amount": 0.02231132,
  "time": "21:54:0"
 }
][
 {
  "type": "ask",
  "price": 10130,
  "amount": 0.003245,
  "time": "21:54:6"
 }
][
 {
  "type": "ask",
  "price": 10130,
  "amount": 0.001464,
  "time": "21:54:7"
 }
][
 {
  "type": "ask",
  "price": 10130,
  "amount": 0.226036,
  "time": "21:54:30"
 },
 {
  "type": "ask",
  "price": 10130,
  "amount": 0.02072815,
  "time": "21:54:29"
 }
][
 {
  "type": "ask",
  "price": 10130,
  "amount": 0.01964378,
  "time": "21:54:51"
 }
][
 {
  "type": "ask",
  "price": 10130,
  "amount": 0.004992,
  "time": "21:55:10"
 }
][
 {
  "type": "ask",
  "price": 10130,
  "amount": 0.00157975,
  "time": "21:55:30"
 }
][
 {
  "type": "ask",
  "price": 10129,
  "amount": 0.25,
  "time": "21:55:48"
 }
][
 {
  "type": "ask",
  "price": 10133.998,
  "amount": 0.3316941,
  "time": "21:55:51"
 }
][
 {
  "type": "bid",
  "price": 10130.528,
  "amount": 0.37993779,
  "time": "21:56:16"
 },
 {
  "type": "ask",
  "price": 10128.055,
  "amount": 0.81279795,
  "time": "21:56:15"
 },
 {
  "type": "ask",
  "price": 10129,
  "amount": 0.26910505,
  "time": "21:56:15"
 }
][
 {
  "type": "ask",
  "price": 10138.995,
  "amount": 0.06702226,
  "time": "21:56:20"
 },
 {
  "type": "bid",
  "price": 10138.995,
  "amount": 0.02,
  "time": "21:56:19"
 },
 {
  "type": "bid",
  "price": 10133,
  "amount": 0.002992,
  "time": "21:56:19"
 },
 {
  "type": "bid",
  "price": 10132.99,
  "amount": 0.129,
  "time": "21:56:19"
 }
][
 {
  "type": "ask",
  "price": 10128.055,
  "amount": 1.60808061,
  "time": "21:56:26"
 }
][
 {
  "type": "ask",
  "price": 10128.055,
  "amount": 0.07306062,
  "time": "21:56:27"
 }
][
 {
  "type": "ask",
  "price": 10128.055,
  "amount": 0.182871,
  "time": "21:56:40"
 },
 {
  "type": "ask",
  "price": 10128.055,
  "amount": 0.00979595,
  "time": "21:56:39"
 }
][
 {
  "type": "ask",
  "price": 10128.055,
  "amount": 0.01389783,
  "time": "21:56:41"
 }
][
 {
  "type": "bid",
  "price": 10148.989,
  "amount": 0.034,
  "time": "21:56:45"
 },
 {
  "type": "bid",
  "price": 10133.525,
  "amount": 0.02,
  "time": "21:56:45"
 },
 {
  "type": "bid",
  "price": 10130.79,
  "amount": 0.02,
  "time": "21:56:45"
 }
][
 {
  "type": "bid",
  "price": 10121.535,
  "amount": 0.50888326,
  "time": "21:57:2"
 }
][
 {
  "type": "ask",
  "price": 10130,
  "amount": 0.049,
  "time": "21:57:15"
 }
][
 {
  "type": "ask",
  "price": 10116.367,
  "amount": 0.64287789,
  "time": "21:57:23"
 }
][
 {
  "type": "bid",
  "price": 10120.862,
  "amount": 0.40739061,
  "time": "21:57:40"
 }
][
 {
  "type": "bid",
  "price": 10120.862,
  "amount": 0.12003294,
  "time": "21:57:43"
 }
][
 {
  "type": "bid",
  "price": 10138.99,
  "amount": 0.007,
  "time": "21:58:1"
 }
][
 {
  "type": "ask",
  "price": 10103,
  "amount": 0.12365316,
  "time": "21:58:35"
 }
][
 {
  "type": "bid",
  "price": 10108.99,
  "amount": 0.01540287,
  "time": "21:58:41"
 },
 {
  "type": "bid",
  "price": 10103,
  "amount": 0.00731513,
  "time": "21:58:39"
 }
][
 {
  "type": "bid",
  "price": 10108.99,
  "amount": 0.0125947,
  "time": "21:58:42"
 }
][
 {
  "type": "ask",
  "price": 10102.734,
  "amount": 0.00300354,
  "time": "21:59:5"
 },
 {
  "type": "ask",
  "price": 10102.734,
  "amount": 0.001003,
  "time": "21:59:5"
 }
][
 {
  "type": "ask",
  "price": 10099,
  "amount": 0.09146616,
  "time": "22:3:29"
 },
 {
  "type": "ask",
  "price": 10138.99,
  "amount": 0.09781988,
  "time": "22:3:29"
 },
 {
  "type": "bid",
  "price": 10141.99,
  "amount": 0.6569191,
  "time": "22:2:50"
 },
 {
  "type": "ask",
  "price": 10138.99,
  "amount": 0.01062093,
  "time": "22:2:46"
 },
 {
  "type": "ask",
  "price": 10138.99,
  "amount": 0.00271685,
  "time": "22:2:41"
 },
 {
  "type": "bid",
  "price": 10138.99,
  "amount": 0.0535,
  "time": "22:2:39"
 },
 {
  "type": "bid",
  "price": 10138.99,
  "amount": 0.01434234,
  "time": "22:2:39"
 },
 {
  "type": "bid",
  "price": 10138.99,
  "amount": 0.00318845,
  "time": "22:2:39"
 },
 {
  "type": "ask",
  "price": 10136,
  "amount": 0.03,
  "time": "22:1:42"
 },
 {
  "type": "bid",
  "price": 10138.99,
  "amount": 0.008826,
  "time": "22:1:3"
 }
][
 {
  "type": "ask",
  "price": 10099,
  "amount": 0.00135,
  "time": "22:5:59"
 },
 {
  "type": "bid",
  "price": 10120.159,
  "amount": 0.04916596,
  "time": "22:5:39"
 },
 {
  "type": "bid",
  "price": 10141.32,
  "amount": 0.02367461,
  "time": "22:5:20"
 },
 {
  "type": "bid",
  "price": 10103.088,
  "amount": 0.00132539,
  "time": "22:5:20"
 },
 {
  "type": "ask",
  "price": 10103.088,
  "amount": 0.00494898,
  "time": "22:5:19"
 },
 {
  "type": "bid",
  "price": 10124.039,
  "amount": 0.3020496,
  "time": "22:4:31"
 }
][
 {
  "type": "ask",
  "price": 10120.655,
  "amount": 0.0523838,
  "time": "22:7:12"
 },
 {
  "type": "bid",
  "price": 10120.655,
  "amount": 0.46678035,
  "time": "22:6:46"
 },
 {
  "type": "bid",
  "price": 10141.319,
  "amount": 0.07967185,
  "time": "22:6:25"
 },
 {
  "type": "bid",
  "price": 10141.319,
  "amount": 0.046443,
  "time": "22:6:23"
 },
 {
  "type": "ask",
  "price": 10099,
  "amount": 0.00135,
  "time": "22:5:59"
 },
 {
  "type": "bid",
  "price": 10120.159,
  "amount": 0.04916596,
  "time": "22:5:39"
 },
 {
  "type": "bid",
  "price": 10141.32,
  "amount": 0.02367461,
  "time": "22:5:20"
 },
 {
  "type": "bid",
  "price": 10103.088,
  "amount": 0.00132539,
  "time": "22:5:20"
 },
 {
  "type": "ask",
  "price": 10103.088,
  "amount": 0.00494898,
  "time": "22:5:19"
 },
 {
  "type": "bid",
  "price": 10124.039,
  "amount": 0.3020496,
  "time": "22:4:31"
 }
][
 {
  "type": "ask",
  "price": 10140.31,
  "amount": 0.310763,
  "time": "22:7:20"
 }
][
 {
  "type": "ask",
  "price": 10140.31,
  "amount": 0.12,
  "time": "22:7:24"
 }
][
 {
  "type": "ask",
  "price": 10140.31,
  "amount": 0.00109202,
  "time": "22:7:35"
 },
 {
  "type": "ask",
  "price": 10140.31,
  "amount": 0.00265633,
  "time": "22:7:33"
 }
][
 {
  "type": "ask",
  "price": 10140.31,
  "amount": 0.097738,
  "time": "22:7:44"
 }
][
 {
  "type": "ask",
  "price": 10140.31,
  "amount": 0.080997,
  "time": "22:7:50"
 }
][
 {
  "type": "bid",
  "price": 10143,
  "amount": 0.00065,
  "time": "22:7:55"
 },
 {
  "type": "bid",
  "price": 10141.31,
  "amount": 0.001,
  "time": "22:7:55"
 }
][
 {
  "type": "bid",
  "price": 10143,
  "amount": 0.01122931,
  "time": "22:8:13"
 }
][
 {
  "type": "ask",
  "price": 10140.31,
  "amount": 0.10358443,
  "time": "22:9:43"
 }
][
 {
  "type": "ask",
  "price": 10140.31,
  "amount": 0.0317661,
  "time": "22:9:45"
 }
][
 {
  "type": "ask",
  "price": 10141,
  "amount": 0.01128633,
  "time": "22:9:52"
 }
][
 {
  "type": "bid",
  "price": 10142,
  "amount": 0.3828439,
  "time": "22:9:55"
 }
][
 {
  "type": "bid",
  "price": 10143,
  "amount": 0.00645038,
  "time": "22:9:56"
 }
][
 {
  "type": "ask",
  "price": 10143,
  "amount": 0.039,
  "time": "22:10:3"
 },
 {
  "type": "bid",
  "price": 10143,
  "amount": 0.1,
  "time": "22:10:3"
 },
 {
  "type": "bid",
  "price": 10143,
  "amount": 0.10507617,
  "time": "22:10:3"
 },
 {
  "type": "bid",
  "price": 10142,
  "amount": 0.41329542,
  "time": "22:10:3"
 }
][
 {
  "type": "ask",
  "price": 10143,
  "amount": 0.05554094,
  "time": "22:10:11"
 }
][
 {
  "type": "ask",
  "price": 10143,
  "amount": 0.00865752,
  "time": "22:10:23"
 },
 {
  "type": "bid",
  "price": 10144,
  "amount": 0.37680423,
  "time": "22:10:23"
 },
 {
  "type": "ask",
  "price": 10143,
  "amount": 0.00906312,
  "time": "22:10:16"
 },
 {
  "type": "ask",
  "price": 10143,
  "amount": 0.05554094,
  "time": "22:10:11"
 },
 {
  "type": "ask",
  "price": 10143,
  "amount": 0.039,
  "time": "22:10:3"
 },
 {
  "type": "bid",
  "price": 10143,
  "amount": 0.1,
  "time": "22:10:3"
 },
 {
  "type": "bid",
  "price": 10143,
  "amount": 0.10507617,
  "time": "22:10:3"
 },
 {
  "type": "bid",
  "price": 10142,
  "amount": 0.41329542,
  "time": "22:10:3"
 },
 {
  "type": "bid",
  "price": 10143,
  "amount": 0.00645038,
  "time": "22:9:56"
 },
 {
  "type": "bid",
  "price": 10142,
  "amount": 0.3828439,
  "time": "22:9:55"
 }
][
 {
  "type": "ask",
  "price": 10143,
  "amount": 0.02,
  "time": "22:10:38"
 }
][
 {
  "type": "bid",
  "price": 10144.25,
  "amount": 0.00299375,
  "time": "22:11:15"
 },
 {
  "type": "bid",
  "price": 10144.25,
  "amount": 0.00241715,
  "time": "22:11:14"
 }
][
 {
  "type": "ask",
  "price": 10143.5,
  "amount": 0.02974568,
  "time": "22:11:20"
 }
][
 {
  "type": "bid",
  "price": 10145,
  "amount": 0.00546111,
  "time": "22:11:27"
 },
 {
  "type": "bid",
  "price": 10144.25,
  "amount": 0.00870477,
  "time": "22:11:26"
 },
 {
  "type": "bid",
  "price": 10144.25,
  "amount": 0.00565033,
  "time": "22:11:24"
 }
][
 {
  "type": "bid",
  "price": 10145,
  "amount": 0.01487417,
  "time": "22:11:29"
 }
][
 {
  "type": "bid",
  "price": 10144.25,
  "amount": 0.56196007,
  "time": "22:11:41"
 }
][
 {
  "type": "ask",
  "price": 10144.25,
  "amount": 0.00908247,
  "time": "22:11:47"
 }
][
 {
  "type": "bid",
  "price": 10144.8,
  "amount": 0.004692,
  "time": "22:12:23"
 }
][
 {
  "type": "bid",
  "price": 10144.525,
  "amount": 0.32856674,
  "time": "22:12:45"
 },
 {
  "type": "bid",
  "price": 10144.8,
  "amount": 0.004692,
  "time": "22:12:23"
 },
 {
  "type": "ask",
  "price": 10144.25,
  "amount": 0.00908247,
  "time": "22:11:47"
 },
 {
  "type": "bid",
  "price": 10144.25,
  "amount": 0.56196007,
  "time": "22:11:41"
 },
 {
  "type": "bid",
  "price": 10145,
  "amount": 0.01487417,
  "time": "22:11:29"
 },
 {
  "type": "bid",
  "price": 10145,
  "amount": 0.00546111,
  "time": "22:11:27"
 },
 {
  "type": "bid",
  "price": 10144.25,
  "amount": 0.00870477,
  "time": "22:11:26"
 },
 {
  "type": "bid",
  "price": 10144.25,
  "amount": 0.00565033,
  "time": "22:11:24"
 },
 {
  "type": "ask",
  "price": 10143.5,
  "amount": 0.02974568,
  "time": "22:11:20"
 },
 {
  "type": "bid",
  "price": 10144.25,
  "amount": 0.00299375,
  "time": "22:11:15"
 }
][
 {
  "type": "ask",
  "price": 10144.525,
  "amount": 0.48905569,
  "time": "22:13:30"
 }
][
 {
  "type": "bid",
  "price": 10144.525,
  "amount": 0.07566451,
  "time": "22:13:53"
 }
][
 {
  "type": "bid",
  "price": 10134,
  "amount": 0.00100971,
  "time": "22:20:5"
 },
 {
  "type": "ask",
  "price": 10125,
  "amount": 0.13392179,
  "time": "22:19:33"
 },
 {
  "type": "bid",
  "price": 10135,
  "amount": 0.006,
  "time": "22:19:11"
 },
 {
  "type": "bid",
  "price": 10149,
  "amount": 0.003288,
  "time": "22:18:19"
 },
 {
  "type": "bid",
  "price": 10149,
  "amount": 0.02755137,
  "time": "22:17:47"
 },
 {
  "type": "bid",
  "price": 10149,
  "amount": 0.0279589,
  "time": "22:17:46"
 },
 {
  "type": "bid",
  "price": 10149,
  "amount": 0.08914891,
  "time": "22:17:44"
 },
 {
  "type": "bid",
  "price": 10149,
  "amount": 0.0143589,
  "time": "22:17:44"
 },
 {
  "type": "bid",
  "price": 10144.25,
  "amount": 0.0042433,
  "time": "22:17:43"
 },
 {
  "type": "ask",
  "price": 10144.25,
  "amount": 0.0235457,
  "time": "22:17:21"
 }
][
 {
  "type": "bid",
  "price": 10100,
  "amount": 0.02749816,
  "time": "22:24:10"
 },
 {
  "type": "bid",
  "price": 10081.01,
  "amount": 0.002,
  "time": "22:24:6"
 },
 {
  "type": "ask",
  "price": 10081,
  "amount": 0.01048294,
  "time": "22:23:54"
 },
 {
  "type": "ask",
  "price": 10081.01,
  "amount": 0.0024,
  "time": "22:23:54"
 },
 {
  "type": "bid",
  "price": 10100,
  "amount": 0.05664137,
  "time": "22:23:53"
 },
 {
  "type": "ask",
  "price": 10090.505,
  "amount": 0.19247147,
  "time": "22:23:52"
 },
 {
  "type": "bid",
  "price": 10110,
  "amount": 0.009414,
  "time": "22:23:40"
 },
 {
  "type": "ask",
  "price": 10081.01,
  "amount": 0.0276,
  "time": "22:23:36"
 },
 {
  "type": "ask",
  "price": 10095.5,
  "amount": 0.49222406,
  "time": "22:23:17"
 },
 {
  "type": "ask",
  "price": 10081,
  "amount": 0.68868235,
  "time": "22:23:5"
 }
][
 {
  "type": "ask",
  "price": 10081,
  "amount": 0.00178212,
  "time": "22:26:32"
 },
 {
  "type": "bid",
  "price": 10081.1,
  "amount": 0.00595705,
  "time": "22:26:31"
 },
 {
  "type": "ask",
  "price": 10081,
  "amount": 0.00811877,
  "time": "22:26:30"
 },
 {
  "type": "ask",
  "price": 10081,
  "amount": 0.79788123,
  "time": "22:26:30"
 },
 {
  "type": "ask",
  "price": 10081,
  "amount": 0.049196,
  "time": "22:26:28"
 },
 {
  "type": "ask",
  "price": 10081,
  "amount": 0.10363841,
  "time": "22:26:28"
 },
 {
  "type": "bid",
  "price": 10081.1,
  "amount": 0.02538583,
  "time": "22:26:26"
 },
 {
  "type": "bid",
  "price": 10081.1,
  "amount": 0.04483638,
  "time": "22:26:26"
 },
 {
  "type": "bid",
  "price": 10081.1,
  "amount": 0.00148793,
  "time": "22:26:25"
 },
 {
  "type": "ask",
  "price": 10081,
  "amount": 0.10363788,
  "time": "22:26:25"
 }
][
 {
  "type": "bid",
  "price": 10050,
  "amount": 0.00369,
  "time": "22:27:47"
 },
 {
  "type": "bid",
  "price": 10050,
  "amount": 0.002004,
  "time": "22:27:43"
 },
 {
  "type": "bid",
  "price": 10050,
  "amount": 0.00369,
  "time": "22:27:41"
 },
 {
  "type": "bid",
  "price": 10050,
  "amount": 0.00203712,
  "time": "22:27:38"
 },
 {
  "type": "bid",
  "price": 10050,
  "amount": 0.00369,
  "time": "22:27:36"
 },
 {
  "type": "bid",
  "price": 10050,
  "amount": 0.0054562,
  "time": "22:27:34"
 },
 {
  "type": "ask",
  "price": 10050,
  "amount": 0.01,
  "time": "22:27:32"
 },
 {
  "type": "ask",
  "price": 10050.001,
  "amount": 0.00100208,
  "time": "22:27:32"
 },
 {
  "type": "ask",
  "price": 10051.488,
  "amount": 0.001003,
  "time": "22:27:32"
 },
 {
  "type": "ask",
  "price": 10051.5,
  "amount": 1.421,
  "time": "22:27:32"
 }
][
 {
  "type": "bid",
  "price": 10038,
  "amount": 0.00256253,
  "time": "22:28:25"
 },
 {
  "type": "bid",
  "price": 10038,
  "amount": 0.00199889,
  "time": "22:28:23"
 },
 {
  "type": "bid",
  "price": 10038,
  "amount": 0.00940037,
  "time": "22:28:22"
 },
 {
  "type": "bid",
  "price": 10038,
  "amount": 0.00669065,
  "time": "22:28:20"
 },
 {
  "type": "ask",
  "price": 10033.467,
  "amount": 0.00081866,
  "time": "22:28:20"
 },
 {
  "type": "ask",
  "price": 10036.903,
  "amount": 0.00147934,
  "time": "22:28:20"
 },
 {
  "type": "bid",
  "price": 10038,
  "amount": 0.0010039,
  "time": "22:28:19"
 },
 {
  "type": "bid",
  "price": 10038,
  "amount": 0.0060604,
  "time": "22:28:19"
 },
 {
  "type": "ask",
  "price": 10037.451,
  "amount": 0.41706529,
  "time": "22:28:17"
 },
 {
  "type": "bid",
  "price": 10038,
  "amount": 0.00552003,
  "time": "22:28:17"
 }
][
 {
  "type": "bid",
  "price": 10049.79,
  "amount": 0.00116047,
  "time": "22:28:32"
 }
][
 {
  "type": "bid",
  "price": 10049.79,
  "amount": 0.00283953,
  "time": "22:29:8"
 }
][
 {
  "type": "ask",
  "price": 10040,
  "amount": 0.00137914,
  "time": "22:29:48"
 }
][
 {
  "type": "bid",
  "price": 10015,
  "amount": 0.52091451,
  "time": "22:43:54"
 },
 {
  "type": "ask",
  "price": 9990,
  "amount": 0.01719613,
  "time": "22:43:51"
 },
 {
  "type": "ask",
  "price": 9990,
  "amount": 0.01521055,
  "time": "22:43:48"
 },
 {
  "type": "ask",
  "price": 9990,
  "amount": 0.01532394,
  "time": "22:43:45"
 },
 {
  "type": "ask",
  "price": 9990.012,
  "amount": 0.01377929,
  "time": "22:43:43"
 },
 {
  "type": "ask",
  "price": 9990.013,
  "amount": 0.0010027,
  "time": "22:43:40"
 },
 {
  "type": "ask",
  "price": 9990.013,
  "amount": 0.001002,
  "time": "22:43:40"
 },
 {
  "type": "bid",
  "price": 10040,
  "amount": 0.00768192,
  "time": "22:43:29"
 },
 {
  "type": "bid",
  "price": 10039.999,
  "amount": 0.00100038,
  "time": "22:43:29"
 },
 {
  "type": "bid",
  "price": 10039.999,
  "amount": 0.00100028,
  "time": "22:43:29"
 }
][
 {
  "type": "ask",
  "price": 9995,
  "amount": 0.0011,
  "time": "22:44:59"
 },
 {
  "type": "ask",
  "price": 10017,
  "amount": 0.35268308,
  "time": "22:44:58"
 }
][
 {
  "type": "ask",
  "price": 9995,
  "amount": 0.0039,
  "time": "22:45:20"
 }
][
 {
  "type": "bid",
  "price": 9995,
  "amount": 0.0167717,
  "time": "22:45:22"
 }
][
 {
  "type": "bid",
  "price": 9995,
  "amount": 0.00989061,
  "time": "22:45:25"
 },
 {
  "type": "bid",
  "price": 9995,
  "amount": 0.02014249,
  "time": "22:45:23"
 }
][
 {
  "type": "bid",
  "price": 9992.001,
  "amount": 0.009,
  "time": "22:45:26"
 }
][
 {
  "type": "ask",
  "price": 9992.5,
  "amount": 0.011,
  "time": "22:45:29"
 },
 {
  "type": "bid",
  "price": 9995,
  "amount": 0.00364757,
  "time": "22:45:28"
 }
][
 {
  "type": "bid",
  "price": 9995,
  "amount": 0.00843931,
  "time": "22:45:33"
 }
][
 {
  "type": "bid",
  "price": 9995,
  "amount": 0.03720832,
  "time": "22:45:35"
 },
 {
  "type": "ask",
  "price": 9992.5,
  "amount": 0.015,
  "time": "22:45:33"
 }
][
 {
  "type": "ask",
  "price": 9995,
  "amount": 0.00165316,
  "time": "22:45:35"
 }
][
 {
  "type": "ask",
  "price": 10017.5,
  "amount": 0.16096092,
  "time": "22:45:57"
 }
][
 {
  "type": "bid",
  "price": 10040,
  "amount": 0.03068044,
  "time": "22:46:1"
 },
 {
  "type": "bid",
  "price": 10040,
  "amount": 0.00410655,
  "time": "22:46:1"
 },
 {
  "type": "bid",
  "price": 10040,
  "amount": 0.02269601,
  "time": "22:46:1"
 }
][
 {
  "type": "bid",
  "price": 10040,
  "amount": 0.01922601,
  "time": "22:46:30"
 },
 {
  "type": "bid",
  "price": 10039.999,
  "amount": 0.00161474,
  "time": "22:46:30"
 }
][
 {
  "type": "ask",
  "price": 10018.256,
  "amount": 0.30257511,
  "time": "22:46:57"
 }
][
 {
  "type": "ask",
  "price": 10019.465,
  "amount": 0.52306956,
  "time": "22:47:17"
 }
][
 {
  "type": "bid",
  "price": 10040,
  "amount": 0.02874,
  "time": "22:47:25"
 }
][
 {
  "type": "ask",
  "price": 10029.746,
  "amount": 0.4205833,
  "time": "22:47:34"
 }
][
 {
  "type": "bid",
  "price": 10040,
  "amount": 0.149,
  "time": "22:47:51"
 }
][
 {
  "type": "bid",
  "price": 10040,
  "amount": 0.00432649,
  "time": "22:47:58"
 }
][
 {
  "type": "ask",
  "price": 10037.458,
  "amount": 0.25018581,
  "time": "22:48:5"
 }
][
 {
  "type": "ask",
  "price": 10037.458,
  "amount": 0.6329727,
  "time": "22:48:11"
 }
][
 {
  "type": "bid",
  "price": 10040,
  "amount": 0.01305539,
  "time": "22:48:27"
 }
][
 {
  "type": "bid",
  "price": 10040.833,
  "amount": 0.00008431,
  "time": "22:49:14"
 },
 {
  "type": "bid",
  "price": 10040.833,
  "amount": 0.00100049,
  "time": "22:49:14"
 }
][
 {
  "type": "bid",
  "price": 10040.833,
  "amount": 0.00100089,
  "time": "22:49:29"
 },
 {
  "type": "bid",
  "price": 10040.833,
  "amount": 0.00100079,
  "time": "22:49:29"
 },
 {
  "type": "bid",
  "price": 10040.833,
  "amount": 0.00100069,
  "time": "22:49:29"
 },
 {
  "type": "bid",
  "price": 10040.833,
  "amount": 0.00100059,
  "time": "22:49:29"
 },
 {
  "type": "bid",
  "price": 10040.833,
  "amount": 0.00100019,
  "time": "22:49:29"
 },
 {
  "type": "bid",
  "price": 10040.833,
  "amount": 0.00091608,
  "time": "22:49:29"
 }
][
 {
  "type": "ask",
  "price": 10029,
  "amount": 1.03280707,
  "time": "22:49:30"
 }
][
 {
  "type": "bid",
  "price": 10020.031,
  "amount": 0.00168193,
  "time": "22:49:32"
 }
][
 {
  "type": "bid",
  "price": 10020.031,
  "amount": 0.00119008,
  "time": "22:49:35"
 },
 {
  "type": "bid",
  "price": 10020.031,
  "amount": 0.00266051,
  "time": "22:49:33"
 }
][
 {
  "type": "bid",
  "price": 10020.031,
  "amount": 0.01692741,
  "time": "22:49:38"
 }
][
 {
  "type": "bid",
  "price": 10020.031,
  "amount": 0.08583584,
  "time": "22:49:41"
 }
][
 {
  "type": "ask",
  "price": 10030.433,
  "amount": 0.15047783,
  "time": "22:49:53"
 }
][
 {
  "type": "bid",
  "price": 10064.555,
  "amount": 0.02960655,
  "time": "22:50:7"
 },
 {
  "type": "bid",
  "price": 10064.555,
  "amount": 0.00100069,
  "time": "22:50:7"
 },
 {
  "type": "bid",
  "price": 10064.555,
  "amount": 0.00100049,
  "time": "22:50:7"
 },
 {
  "type": "bid",
  "price": 10064.555,
  "amount": 0.00199998,
  "time": "22:50:7"
 },
 {
  "type": "bid",
  "price": 10064.555,
  "amount": 0.00200008,
  "time": "22:50:7"
 },
 {
  "type": "bid",
  "price": 10064.555,
  "amount": 0.00100001,
  "time": "22:50:7"
 },
 {
  "type": "bid",
  "price": 10064.555,
  "amount": 0.00100029,
  "time": "22:50:7"
 },
 {
  "type": "bid",
  "price": 10064.555,
  "amount": 0.00600014,
  "time": "22:50:7"
 },
 {
  "type": "bid",
  "price": 10040.834,
  "amount": 0.0083426,
  "time": "22:50:7"
 },
 {
  "type": "bid",
  "price": 10033,
  "amount": 0.0099,
  "time": "22:50:7"
 }
][
 {
  "type": "bid",
  "price": 10095.35,
  "amount": 0.42451737,
  "time": "22:50:28"
 },
 {
  "type": "bid",
  "price": 10080,
  "amount": 0.07,
  "time": "22:50:28"
 },
 {
  "type": "bid",
  "price": 10079.999,
  "amount": 0.00100012,
  "time": "22:50:28"
 },
 {
  "type": "bid",
  "price": 10079.999,
  "amount": 0.00100076,
  "time": "22:50:28"
 },
 {
  "type": "bid",
  "price": 10079.999,
  "amount": 0.00100066,
  "time": "22:50:28"
 },
 {
  "type": "bid",
  "price": 10079.999,
  "amount": 0.00100056,
  "time": "22:50:28"
 },
 {
  "type": "bid",
  "price": 10079.999,
  "amount": 0.00100046,
  "time": "22:50:28"
 },
 {
  "type": "bid",
  "price": 10079.999,
  "amount": 0.00100036,
  "time": "22:50:28"
 },
 {
  "type": "bid",
  "price": 10079.999,
  "amount": 0.00100006,
  "time": "22:50:28"
 },
 {
  "type": "bid",
  "price": 10079.999,
  "amount": 0.00100026,
  "time": "22:50:28"
 }
][
 {
  "type": "ask",
  "price": 10063.921,
  "amount": 0.19533837,
  "time": "22:50:39"
 }
][
 {
  "type": "ask",
  "price": 10063.921,
  "amount": 0.01696759,
  "time": "22:50:42"
 }
][
 {
  "type": "bid",
  "price": 10070.466,
  "amount": 0.38129388,
  "time": "22:50:55"
 }
][
 {
  "type": "ask",
  "price": 10070.466,
  "amount": 0.60044027,
  "time": "22:51:31"
 }
][
 {
  "type": "ask",
  "price": 10063.921,
  "amount": 0.00121684,
  "time": "22:51:38"
 }
][
 {
  "type": "ask",
  "price": 10063.921,
  "amount": 0.0078955,
  "time": "22:51:41"
 },
 {
  "type": "ask",
  "price": 10063.921,
  "amount": 0.00937136,
  "time": "22:51:40"
 },
 {
  "type": "ask",
  "price": 10063.921,
  "amount": 0.00124452,
  "time": "22:51:40"
 }
][
 {
  "type": "ask",
  "price": 10063.921,
  "amount": 0.01912076,
  "time": "22:51:45"
 }
][
 {
  "type": "ask",
  "price": 10070.466,
  "amount": 0.22149776,
  "time": "22:52:6"
 }
][
 {
  "type": "bid",
  "price": 10077.011,
  "amount": 0.00637,
  "time": "22:52:9"
 }
][
 {
  "type": "ask",
  "price": 10077.011,
  "amount": 0.04788282,
  "time": "22:52:10"
 }
][
 {
  "type": "bid",
  "price": 10086.18,
  "amount": 0.15742419,
  "time": "22:52:14"
 }
][
 {
  "type": "ask",
  "price": 10077.011,
  "amount": 0.0037,
  "time": "22:52:25"
 }
][
 {
  "type": "bid",
  "price": 10095.349,
  "amount": 0.00100038,
  "time": "22:52:47"
 },
 {
  "type": "bid",
  "price": 10095.349,
  "amount": 0.00100028,
  "time": "22:52:47"
 },
 {
  "type": "bid",
  "price": 10095.349,
  "amount": 0.00100018,
  "time": "22:52:47"
 },
 {
  "type": "bid",
  "price": 10095.349,
  "amount": 0.00100008,
  "time": "22:52:47"
 },
 {
  "type": "bid",
  "price": 10095.349,
  "amount": 0.0010001,
  "time": "22:52:47"
 },
 {
  "type": "bid",
  "price": 10095.349,
  "amount": 0.00199999,
  "time": "22:52:47"
 },
 {
  "type": "bid",
  "price": 10095.349,
  "amount": 0.00100008,
  "time": "22:52:47"
 },
 {
  "type": "bid",
  "price": 10095.349,
  "amount": 0.00100005,
  "time": "22:52:47"
 },
 {
  "type": "bid",
  "price": 10095.349,
  "amount": 0.00100042,
  "time": "22:52:47"
 },
 {
  "type": "bid",
  "price": 10095.349,
  "amount": 0.00100002,
  "time": "22:52:47"
 }
][
 {
  "type": "ask",
  "price": 10095.349,
  "amount": 0.00747,
  "time": "22:52:49"
 },
 {
  "type": "ask",
  "price": 10095.349,
  "amount": 0.03426102,
  "time": "22:52:49"
 },
 {
  "type": "ask",
  "price": 10095.349,
  "amount": 0.04971843,
  "time": "22:52:49"
 },
 {
  "type": "ask",
  "price": 10095.349,
  "amount": 0.01643467,
  "time": "22:52:48"
 }
][
 {
  "type": "ask",
  "price": 10095.349,
  "amount": 0.00759077,
  "time": "22:52:51"
 },
 {
  "type": "ask",
  "price": 10095.349,
  "amount": 0.01087906,
  "time": "22:52:50"
 }
][
 {
  "type": "ask",
  "price": 10095.349,
  "amount": 0.00743637,
  "time": "22:52:53"
 }
][
 {
  "type": "ask",
  "price": 10095.349,
  "amount": 0.01924849,
  "time": "22:52:56"
 },
 {
  "type": "bid",
  "price": 10097.175,
  "amount": 0.294327,
  "time": "22:52:54"
 },
 {
  "type": "ask",
  "price": 10095.349,
  "amount": 0.0218975,
  "time": "22:52:54"
 }
][
 {
  "type": "ask",
  "price": 10095.349,
  "amount": 0.02719391,
  "time": "22:53:4"
 }
][
 {
  "type": "ask",
  "price": 10095.349,
  "amount": 0.02584987,
  "time": "22:53:7"
 }
][
 {
  "type": "ask",
  "price": 10095.349,
  "amount": 0.08,
  "time": "22:53:12"
 }
][
 {
  "type": "bid",
  "price": 10100,
  "amount": 0.11175726,
  "time": "22:53:20"
 },
 {
  "type": "bid",
  "price": 10099.992,
  "amount": 0.00100048,
  "time": "22:53:20"
 },
 {
  "type": "bid",
  "price": 10099.992,
  "amount": 0.00100038,
  "time": "22:53:20"
 },
 {
  "type": "bid",
  "price": 10099.992,
  "amount": 0.00100028,
  "time": "22:53:20"
 },
 {
  "type": "bid",
  "price": 10099.992,
  "amount": 0.00281708,
  "time": "22:53:20"
 },
 {
  "type": "bid",
  "price": 10099.176,
  "amount": 0.0039068,
  "time": "22:53:20"
 },
 {
  "type": "bid",
  "price": 10099,
  "amount": 0.0217448,
  "time": "22:53:20"
 }
][
 {
  "type": "ask",
  "price": 10095.349,
  "amount": 0.05470948,
  "time": "22:53:21"
 }
][
 {
  "type": "ask",
  "price": 10095.349,
  "amount": 0.01031197,
  "time": "22:53:23"
 }
][
 {
  "type": "ask",
  "price": 10095.349,
  "amount": 0.02169588,
  "time": "22:53:27"
 },
 {
  "type": "ask",
  "price": 10095.349,
  "amount": 0.01,
  "time": "22:53:27"
 }
][
 {
  "type": "ask",
  "price": 10095.349,
  "amount": 0.36906214,
  "time": "22:53:30"
 }
][
 {
  "type": "ask",
  "price": 10080.175,
  "amount": 0.38436322,
  "time": "22:53:45"
 }
][
 {
  "type": "bid",
  "price": 10095.349,
  "amount": 0.00219334,
  "time": "22:54:0"
 }
][
 {
  "type": "ask",
  "price": 10066,
  "amount": 0.00306,
  "time": "22:54:12"
 }
][
 {
  "type": "ask",
  "price": 10066,
  "amount": 0.0069491,
  "time": "22:54:17"
 }
][
 {
  "type": "bid",
  "price": 10066,
  "amount": 0.0016247,
  "time": "22:54:19"
 }
][
 {
  "type": "bid",
  "price": 10066,
  "amount": 0.000497,
  "time": "22:55:6"
 }
][
 {
  "type": "ask",
  "price": 10066,
  "amount": 0.009503,
  "time": "22:55:34"
 }
][
 {
  "type": "ask",
  "price": 10065,
  "amount": 0.01,
  "time": "22:55:36"
 }
][
 {
  "type": "ask",
  "price": 10063,
  "amount": 0.01,
  "time": "22:55:38"
 }
][
 {
  "type": "ask",
  "price": 10059,
  "amount": 0.0059,
  "time": "22:55:40"
 }
][
 {
  "type": "ask",
  "price": 10040.801,
  "amount": 0.00100221,
  "time": "22:55:47"
 },
 {
  "type": "ask",
  "price": 10040.801,
  "amount": 0.00100211,
  "time": "22:55:47"
 }
][
 {
  "type": "ask",
  "price": 10040.001,
  "amount": 0.00100209,
  "time": "22:55:51"
 },
 {
  "type": "ask",
  "price": 10040.8,
  "amount": 0.001005,
  "time": "22:55:49"
 }
][
 {
  "type": "ask",
  "price": 10040,
  "amount": 0.002,
  "time": "22:55:56"
 }
][
 {
  "type": "bid",
  "price": 10090,
  "amount": 0.279966,
  "time": "22:56:9"
 }
][
 {
  "type": "ask",
  "price": 10052.476,
  "amount": 0.03925243,
  "time": "22:56:18"
 }
][
 {
  "type": "ask",
  "price": 10052.45,
  "amount": 0.02,
  "time": "22:56:22"
 }
][
 {
  "type": "ask",
  "price": 10052.45,
  "amount": 0.02,
  "time": "22:56:28"
 }
][
 {
  "type": "ask",
  "price": 10039.9,
  "amount": 0.0018,
  "time": "22:56:32"
 }
][
 {
  "type": "bid",
  "price": 10065,
  "amount": 0.00183795,
  "time": "22:56:42"
 }
][
 {
  "type": "bid",
  "price": 10065,
  "amount": 0.00244272,
  "time": "22:56:46"
 }
][
 {
  "type": "bid",
  "price": 10065,
  "amount": 0.025166,
  "time": "22:56:50"
 }
][
 {
  "type": "ask",
  "price": 10052.506,
  "amount": 0.03945305,
  "time": "22:57:16"
 },
 {
  "type": "bid",
  "price": 10090,
  "amount": 0.01537843,
  "time": "22:57:15"
 },
 {
  "type": "bid",
  "price": 10065,
  "amount": 0.01206157,
  "time": "22:57:15"
 }
][
 {
  "type": "ask",
  "price": 10040.404,
  "amount": 0.003,
  "time": "22:57:46"
 }
][
 {
  "type": "ask",
  "price": 10051.769,
  "amount": 0.26290199,
  "time": "22:57:59"
 }
][
 {
  "type": "bid",
  "price": 10063,
  "amount": 0.00297677,
  "time": "22:58:0"
 }
][
 {
  "type": "bid",
  "price": 10063,
  "amount": 0.00935009,
  "time": "22:58:7"
 }
][
 {
  "type": "bid",
  "price": 10063,
  "amount": 0.00144034,
  "time": "22:58:9"
 }
][
 {
  "type": "ask",
  "price": 10063,
  "amount": 0.01419905,
  "time": "22:58:21"
 }
][
 {
  "type": "ask",
  "price": 10065.005,
  "amount": 0.14476534,
  "time": "22:59:21"
 }
][
 {
  "type": "ask",
  "price": 10065.012,
  "amount": 0.34220567,
  "time": "22:59:24"
 }
][
 {
  "type": "ask",
  "price": 10039.9,
  "amount": 0.0093703,
  "time": "23:0:9"
 }
][
 {
  "type": "ask",
  "price": 10057.565,
  "amount": 0.62793824,
  "time": "23:0:40"
 }
][
 {
  "type": "ask",
  "price": 10025.261,
  "amount": 0.00100226,
  "time": "23:0:53"
 },
 {
  "type": "ask",
  "price": 10025.261,
  "amount": 0.00100216,
  "time": "23:0:53"
 }
][
 {
  "type": "ask",
  "price": 10025.261,
  "amount": 0.00100336,
  "time": "23:1:3"
 },
 {
  "type": "ask",
  "price": 10025.261,
  "amount": 0.00100326,
  "time": "23:1:3"
 },
 {
  "type": "ask",
  "price": 10025.261,
  "amount": 0.00100316,
  "time": "23:1:3"
 },
 {
  "type": "ask",
  "price": 10025.261,
  "amount": 0.00100306,
  "time": "23:1:3"
 },
 {
  "type": "ask",
  "price": 10025.261,
  "amount": 0.00100296,
  "time": "23:1:3"
 },
 {
  "type": "ask",
  "price": 10025.261,
  "amount": 0.00100286,
  "time": "23:1:3"
 },
 {
  "type": "ask",
  "price": 10025.261,
  "amount": 0.00100266,
  "time": "23:1:3"
 },
 {
  "type": "ask",
  "price": 10025.261,
  "amount": 0.00100256,
  "time": "23:1:3"
 },
 {
  "type": "ask",
  "price": 10025.261,
  "amount": 0.00100246,
  "time": "23:1:3"
 },
 {
  "type": "ask",
  "price": 10025.261,
  "amount": 0.00100236,
  "time": "23:1:3"
 }
][
 {
  "type": "ask",
  "price": 10025,
  "amount": 0.00997116,
  "time": "23:1:8"
 },
 {
  "type": "ask",
  "price": 10025.021,
  "amount": 0.00100199,
  "time": "23:1:6"
 }
][
 {
  "type": "ask",
  "price": 10025,
  "amount": 0.01182999,
  "time": "23:1:20"
 }
][
 {
  "type": "ask",
  "price": 10025,
  "amount": 0.02112342,
  "time": "23:1:23"
 }
][
 {
  "type": "ask",
  "price": 10025,
  "amount": 0.00707543,
  "time": "23:1:29"
 }
][
 {
  "type": "bid",
  "price": 10054.775,
  "amount": 0.36838991,
  "time": "23:1:36"
 }
][
 {
  "type": "bid",
  "price": 10089.99,
  "amount": 0.02187805,
  "time": "23:1:36"
 },
 {
  "type": "bid",
  "price": 10085,
  "amount": 0.02972895,
  "time": "23:1:36"
 }
][
 {
  "type": "bid",
  "price": 10089.99,
  "amount": 0.006163,
  "time": "23:1:40"
 }
][
 {
  "type": "ask",
  "price": 10024.55,
  "amount": 0.02542722,
  "time": "23:1:48"
 }
][
 {
  "type": "ask",
  "price": 10004.384,
  "amount": 0.94465465,
  "time": "23:1:55"
 },
 {
  "type": "ask",
  "price": 10004.384,
  "amount": 0.0025837,
  "time": "23:1:55"
 },
 {
  "type": "ask",
  "price": 10004.385,
  "amount": 0.00100246,
  "time": "23:1:55"
 },
 {
  "type": "ask",
  "price": 10004.385,
  "amount": 0.00100236,
  "time": "23:1:55"
 },
 {
  "type": "ask",
  "price": 10004.385,
  "amount": 0.00100226,
  "time": "23:1:55"
 },
 {
  "type": "ask",
  "price": 10004.385,
  "amount": 0.00100216,
  "time": "23:1:55"
 },
 {
  "type": "ask",
  "price": 10010,
  "amount": 0.02,
  "time": "23:1:55"
 },
 {
  "type": "ask",
  "price": 10010.001,
  "amount": 0.00100279,
  "time": "23:1:55"
 },
 {
  "type": "ask",
  "price": 10010.001,
  "amount": 0.00100269,
  "time": "23:1:55"
 },
 {
  "type": "ask",
  "price": 10010.001,
  "amount": 0.00100259,
  "time": "23:1:55"
 }
][
 {
  "type": "ask",
  "price": 10004.532,
  "amount": 0.00100254,
  "time": "23:3:2"
 }
][
 {
  "type": "bid",
  "price": 10004.532,
  "amount": 0.03729894,
  "time": "23:3:3"
 },
 {
  "type": "bid",
  "price": 10004.532,
  "amount": 0.202969,
  "time": "23:3:3"
 },
 {
  "type": "bid",
  "price": 10004.532,
  "amount": 0.02539373,
  "time": "23:3:3"
 }
][
 {
  "type": "bid",
  "price": 10069.649,
  "amount": 0.06116231,
  "time": "23:3:6"
 },
 {
  "type": "bid",
  "price": 10069.648,
  "amount": 0.00100053,
  "time": "23:3:6"
 }
][
 {
  "type": "ask",
  "price": 10036.76,
  "amount": 0.11807791,
  "time": "23:3:34"
 }
][
 {
  "type": "bid",
  "price": 10065.98,
  "amount": 0.242964,
  "time": "23:5:6"
 },
 {
  "type": "bid",
  "price": 10055,
  "amount": 0.22954,
  "time": "23:5:6"
 }
][
 {
  "type": "ask",
  "price": 10035.505,
  "amount": 0.11848721,
  "time": "23:5:11"
 }
][
 {
  "type": "ask",
  "price": 10035.664,
  "amount": 0.28046565,
  "time": "23:5:31"
 }
][
 {
  "type": "bid",
  "price": 10089.99,
  "amount": 0.34279166,
  "time": "23:5:50"
 },
 {
  "type": "bid",
  "price": 10089.988,
  "amount": 0.00100135,
  "time": "23:5:50"
 },
 {
  "type": "bid",
  "price": 10089.988,
  "amount": 0.00100125,
  "time": "23:5:50"
 },
 {
  "type": "bid",
  "price": 10089.988,
  "amount": 0.00100115,
  "time": "23:5:50"
 },
 {
  "type": "bid",
  "price": 10089.988,
  "amount": 0.00100065,
  "time": "23:5:50"
 },
 {
  "type": "bid",
  "price": 10089.988,
  "amount": 0.00100055,
  "time": "23:5:50"
 },
 {
  "type": "bid",
  "price": 10089.988,
  "amount": 0.00100045,
  "time": "23:5:50"
 },
 {
  "type": "bid",
  "price": 10089.988,
  "amount": 0.00100105,
  "time": "23:5:50"
 },
 {
  "type": "bid",
  "price": 10089.988,
  "amount": 0.00100095,
  "time": "23:5:50"
 },
 {
  "type": "bid",
  "price": 10089.988,
  "amount": 0.00100085,
  "time": "23:5:50"
 }
][
 {
  "type": "ask",
  "price": 10057.275,
  "amount": 0.53125578,
  "time": "23:6:4"
 }
][
 {
  "type": "bid",
  "price": 10045.27,
  "amount": 0.04799311,
  "time": "23:6:13"
 }
][
 {
  "type": "bid",
  "price": 10090,
  "amount": 0.00794412,
  "time": "23:6:16"
 },
 {
  "type": "bid",
  "price": 10090,
  "amount": 0.01730146,
  "time": "23:6:16"
 },
 {
  "type": "bid",
  "price": 10089.989,
  "amount": 0.00100009,
  "time": "23:6:16"
 },
 {
  "type": "bid",
  "price": 10089.989,
  "amount": 0.00100004,
  "time": "23:6:16"
 },
 {
  "type": "bid",
  "price": 10079.014,
  "amount": 0.00100048,
  "time": "23:6:16"
 },
 {
  "type": "bid",
  "price": 10079.014,
  "amount": 0.00100038,
  "time": "23:6:16"
 },
 {
  "type": "bid",
  "price": 10079.014,
  "amount": 0.00100028,
  "time": "23:6:16"
 },
 {
  "type": "bid",
  "price": 10079.014,
  "amount": 0.00200006,
  "time": "23:6:16"
 },
 {
  "type": "bid",
  "price": 10065.989,
  "amount": 0.00100045,
  "time": "23:6:16"
 },
 {
  "type": "bid",
  "price": 10065.989,
  "amount": 0.00100035,
  "time": "23:6:16"
 }
][
 {
  "type": "ask",
  "price": 10090,
  "amount": 0.01021412,
  "time": "23:6:18"
 },
 {
  "type": "bid",
  "price": 10090,
  "amount": 0.00205588,
  "time": "23:6:17"
 }
][
 {
  "type": "bid",
  "price": 10095.24,
  "amount": 0.01846047,
  "time": "23:6:25"
 },
 {
  "type": "bid",
  "price": 10095.239,
  "amount": 0.00257853,
  "time": "23:6:25"
 },
 {
  "type": "bid",
  "price": 10093.133,
  "amount": 0.003339,
  "time": "23:6:25"
 }
][
 {
  "type": "bid",
  "price": 10064.556,
  "amount": 0.42957123,
  "time": "23:7:34"
 }
][
 {
  "type": "bid",
  "price": 10093.215,
  "amount": 0.01,
  "time": "23:7:36"
 }
][
 {
  "type": "bid",
  "price": 10088.56,
  "amount": 0.01854863,
  "time": "23:7:54"
 }
][
 {
  "type": "ask",
  "price": 10035.896,
  "amount": 0.0009957,
  "time": "23:8:23"
 },
 {
  "type": "ask",
  "price": 10035.896,
  "amount": 0.0010022,
  "time": "23:8:23"
 },
 {
  "type": "ask",
  "price": 10035.896,
  "amount": 0.0010021,
  "time": "23:8:23"
 }
][
 {
  "type": "bid",
  "price": 10064.6,
  "amount": 0.09305399,
  "time": "23:8:35"
 }
][
 {
  "type": "bid",
  "price": 10065.67,
  "amount": 0.48378113,
  "time": "23:8:57"
 }
][
 {
  "type": "ask",
  "price": 10064.6,
  "amount": 0.0013,
  "time": "23:9:15"
 }
][
 {
  "type": "bid",
  "price": 10065.671,
  "amount": 0.21446575,
  "time": "23:9:18"
 }
][
 {
  "type": "bid",
  "price": 10065.67,
  "amount": 0.32825299,
  "time": "23:9:59"
 }
][
 {
  "type": "bid",
  "price": 10065.67,
  "amount": 0.27456726,
  "time": "23:10:5"
 }
][
 {
  "type": "ask",
  "price": 10095.339,
  "amount": 0.01510424,
  "time": "23:10:36"
 },
 {
  "type": "bid",
  "price": 10095.339,
  "amount": 0.00299376,
  "time": "23:10:35"
 }
][
 {
  "type": "bid",
  "price": 10095.34,
  "amount": 0.00617,
  "time": "23:11:19"
 }
][
 {
  "type": "bid",
  "price": 10093.99,
  "amount": 0.0210665,
  "time": "23:12:24"
 }
][
 {
  "type": "ask",
  "price": 10069,
  "amount": 0.1291588,
  "time": "23:12:38"
 }
][
 {
  "type": "bid",
  "price": 10067,
  "amount": 0.24985533,
  "time": "23:14:11"
 }
][
 {
  "type": "bid",
  "price": 10093.99,
  "amount": 0.0011349,
  "time": "23:14:24"
 },
 {
  "type": "bid",
  "price": 10090,
  "amount": 0.0049951,
  "time": "23:14:24"
 }
][
 {
  "type": "bid",
  "price": 10069,
  "amount": 0.34897762,
  "time": "23:14:38"
 }
][
 {
  "type": "ask",
  "price": 10044.01,
  "amount": 0.0143802,
  "time": "23:14:51"
 }
][
 {
  "type": "bid",
  "price": 10069,
  "amount": 0.11819703,
  "time": "23:16:11"
 }
][
 {
  "type": "ask",
  "price": 10044,
  "amount": 0.0143802,
  "time": "23:16:53"
 },
 {
  "type": "ask",
  "price": 10044.01,
  "amount": 0.0156198,
  "time": "23:16:53"
 }
][
 {
  "type": "bid",
  "price": 10068.995,
  "amount": 0.39702399,
  "time": "23:16:59"
 }
][
 {
  "type": "bid",
  "price": 10068.995,
  "amount": 0.42611105,
  "time": "23:18:12"
 }
][
 {
  "type": "bid",
  "price": 10068.995,
  "amount": 0.31467256,
  "time": "23:18:20"
 }
][
 {
  "type": "bid",
  "price": 10068.995,
  "amount": 0.42770551,
  "time": "23:18:38"
 }
][
 {
  "type": "ask",
  "price": 10044,
  "amount": 0.00314989,
  "time": "23:18:58"
 }
][
 {
  "type": "ask",
  "price": 10044,
  "amount": 0.001,
  "time": "23:19:21"
 },
 {
  "type": "ask",
  "price": 10044,
  "amount": 0.00246991,
  "time": "23:19:21"
 }
][
 {
  "type": "ask",
  "price": 10042.02,
  "amount": 0.09,
  "time": "23:19:26"
 }
][
 {
  "type": "ask",
  "price": 10042,
  "amount": 0.06069517,
  "time": "23:19:28"
 }
][
 {
  "type": "bid",
  "price": 10086.867,
  "amount": 0.001,
  "time": "23:19:37"
 }
][
 {
  "type": "ask",
  "price": 10042.4,
  "amount": 0.0056651,
  "time": "23:19:41"
 }
][
 {
  "type": "ask",
  "price": 10036.001,
  "amount": 0.00100249,
  "time": "23:19:54"
 },
 {
  "type": "ask",
  "price": 10036.001,
  "amount": 0.00100229,
  "time": "23:19:54"
 }
][
 {
  "type": "ask",
  "price": 10036,
  "amount": 0.00319971,
  "time": "23:19:56"
 }
][
 {
  "type": "ask",
  "price": 10035.895,
  "amount": 0.0109802,
  "time": "23:19:58"
 }
][
 {
  "type": "ask",
  "price": 10035.001,
  "amount": 0.00100209,
  "time": "23:20:1"
 }
][
 {
  "type": "ask",
  "price": 10035,
  "amount": 0.01,
  "time": "23:20:5"
 }
][
 {
  "type": "ask",
  "price": 10024.551,
  "amount": 0.00100263,
  "time": "23:20:23"
 },
 {
  "type": "ask",
  "price": 10024.551,
  "amount": 0.00100253,
  "time": "23:20:23"
 },
 {
  "type": "ask",
  "price": 10024.551,
  "amount": 0.00100243,
  "time": "23:20:23"
 },
 {
  "type": "ask",
  "price": 10024.551,
  "amount": 0.00100233,
  "time": "23:20:23"
 },
 {
  "type": "ask",
  "price": 10024.551,
  "amount": 0.00100223,
  "time": "23:20:23"
 },
 {
  "type": "ask",
  "price": 10024.551,
  "amount": 0.00100203,
  "time": "23:20:23"
 },
 {
  "type": "bid",
  "price": 10048.354,
  "amount": 0.15959281,
  "time": "23:20:22"
 }
][
 {
  "type": "ask",
  "price": 10024.551,
  "amount": 0.00100303,
  "time": "23:20:24"
 },
 {
  "type": "ask",
  "price": 10024.551,
  "amount": 0.00100293,
  "time": "23:20:24"
 },
 {
  "type": "ask",
  "price": 10024.551,
  "amount": 0.00100273,
  "time": "23:20:24"
 }
][
 {
  "type": "ask",
  "price": 10024.55,
  "amount": 0.02545554,
  "time": "23:20:30"
 }
][
 {
  "type": "bid",
  "price": 10056.67,
  "amount": 0.00199976,
  "time": "23:20:38"
 }
][
 {
  "type": "ask",
  "price": 10013.866,
  "amount": 0.0102563,
  "time": "23:20:44"
 }
][
 {
  "type": "ask",
  "price": 9990,
  "amount": 0.05322468,
  "time": "23:20:51"
 },
 {
  "type": "ask",
  "price": 9990.001,
  "amount": 0.0935326,
  "time": "23:20:51"
 },
 {
  "type": "ask",
  "price": 9990.001,
  "amount": 0.0010023,
  "time": "23:20:51"
 },
 {
  "type": "ask",
  "price": 9990.001,
  "amount": 0.0010022,
  "time": "23:20:51"
 },
 {
  "type": "ask",
  "price": 9990.001,
  "amount": 0.001002,
  "time": "23:20:51"
 },
 {
  "type": "ask",
  "price": 9995,
  "amount": 0.01,
  "time": "23:20:51"
 },
 {
  "type": "ask",
  "price": 9999,
  "amount": 0.001,
  "time": "23:20:51"
 },
 {
  "type": "ask",
  "price": 9999.001,
  "amount": 0.0010021,
  "time": "23:20:51"
 },
 {
  "type": "ask",
  "price": 10001,
  "amount": 0.00384887,
  "time": "23:20:51"
 },
 {
  "type": "ask",
  "price": 10001,
  "amount": 0.0334,
  "time": "23:20:51"
 }
][
 {
  "type": "ask",
  "price": 10031.928,
  "amount": 0.19986179,
  "time": "23:21:18"
 }
][
 {
  "type": "ask",
  "price": 10031.928,
  "amount": 0.53268225,
  "time": "23:21:25"
 }
][
 {
  "type": "bid",
  "price": 10036.334,
  "amount": 0.42251648,
  "time": "23:22:5"
 }
][
 {
  "type": "bid",
  "price": 10036.32,
  "amount": 0.0077653,
  "time": "23:22:6"
 }
][
 {
  "type": "bid",
  "price": 10036.334,
  "amount": 0.06439739,
  "time": "23:22:20"
 }
][
 {
  "type": "bid",
  "price": 10036.387,
  "amount": 0.0472938,
  "time": "23:22:23"
 }
][
 {
  "type": "ask",
  "price": 10013.867,
  "amount": 0.00100231,
  "time": "23:22:26"
 },
 {
  "type": "ask",
  "price": 10013.867,
  "amount": 0.00100221,
  "time": "23:22:26"
 },
 {
  "type": "ask",
  "price": 10013.867,
  "amount": 0.00100211,
  "time": "23:22:26"
 }
][
 {
  "type": "bid",
  "price": 10049.99,
  "amount": 0.00366233,
  "time": "23:22:32"
 }
][
 {
  "type": "ask",
  "price": 10049.9,
  "amount": 0.017,
  "time": "23:24:13"
 }
][
 {
  "type": "bid",
  "price": 10039.98,
  "amount": 0.009462,
  "time": "23:24:59"
 }
][
 {
  "type": "bid",
  "price": 10000,
  "amount": 0.5,
  "time": "23:25:7"
 }
][
 {
  "type": "bid",
  "price": 10024.99,
  "amount": 0.09894102,
  "time": "23:25:18"
 }
][
 {
  "type": "ask",
  "price": 10010,
  "amount": 0.0091,
  "time": "23:25:37"
 }
][
 {
  "type": "bid",
  "price": 10014.99,
  "amount": 0.07481597,
  "time": "23:26:7"
 }
][
 {
  "type": "bid",
  "price": 10000,
  "amount": 0.00135405,
  "time": "23:26:32"
 },
 {
  "type": "bid",
  "price": 10000,
  "amount": 0.00903744,
  "time": "23:26:31"
 }
][
 {
  "type": "bid",
  "price": 10000,
  "amount": 0.00804943,
  "time": "23:26:49"
 }
][
 {
  "type": "bid",
  "price": 10000,
  "amount": 0.00239254,
  "time": "23:27:5"
 }
][
 {
  "type": "bid",
  "price": 10000,
  "amount": 0.00166646,
  "time": "23:27:14"
 },
 {
  "type": "bid",
  "price": 10000,
  "amount": 0.0027081,
  "time": "23:27:12"
 }
][
 {
  "type": "bid",
  "price": 10000,
  "amount": 0.02789571,
  "time": "23:27:36"
 },
 {
  "type": "ask",
  "price": 9990.001,
  "amount": 0.00001274,
  "time": "23:27:35"
 },
 {
  "type": "ask",
  "price": 9990.001,
  "amount": 0.0010033,
  "time": "23:27:35"
 },
 {
  "type": "ask",
  "price": 9990.001,
  "amount": 0.0010032,
  "time": "23:27:35"
 },
 {
  "type": "ask",
  "price": 9990.001,
  "amount": 0.0010031,
  "time": "23:27:35"
 },
 {
  "type": "ask",
  "price": 9990.001,
  "amount": 0.0010029,
  "time": "23:27:35"
 },
 {
  "type": "ask",
  "price": 9990.001,
  "amount": 0.0010027,
  "time": "23:27:35"
 },
 {
  "type": "ask",
  "price": 9990.001,
  "amount": 0.0010026,
  "time": "23:27:35"
 },
 {
  "type": "ask",
  "price": 9990.001,
  "amount": 0.0010025,
  "time": "23:27:35"
 },
 {
  "type": "ask",
  "price": 9990.001,
  "amount": 0.0010024,
  "time": "23:27:35"
 }
][
 {
  "type": "ask",
  "price": 9995.001,
  "amount": 0.57929829,
  "time": "23:27:50"
 }
][
 {
  "type": "bid",
  "price": 10000,
  "amount": 0.00107102,
  "time": "23:28:13"
 }
][
 {
  "type": "bid",
  "price": 9995.001,
  "amount": 0.05484103,
  "time": "23:28:16"
 }
][
 {
  "type": "bid",
  "price": 10000,
  "amount": 0.001005,
  "time": "23:28:32"
 }
][
 {
  "type": "bid",
  "price": 9995.001,
  "amount": 0.07544721,
  "time": "23:28:37"
 }
][
 {
  "type": "ask",
  "price": 9990.001,
  "amount": 0.00093742,
  "time": "23:28:41"
 },
 {
  "type": "ask",
  "price": 9990.001,
  "amount": 0.0010036,
  "time": "23:28:41"
 },
 {
  "type": "ask",
  "price": 9990.001,
  "amount": 0.00099066,
  "time": "23:28:41"
 }
][
 {
  "type": "ask",
  "price": 9995.001,
  "amount": 0.53911542,
  "time": "23:29:14"
 }
][
 {
  "type": "ask",
  "price": 9995.001,
  "amount": 0.1781383,
  "time": "23:29:28"
 }
][
 {
  "type": "ask",
  "price": 9995.001,
  "amount": 0.5470966,
  "time": "23:29:45"
 }
][
 {
  "type": "ask",
  "price": 9990.001,
  "amount": 0.0010039,
  "time": "23:29:50"
 },
 {
  "type": "ask",
  "price": 9990.001,
  "amount": 0.0010038,
  "time": "23:29:50"
 },
 {
  "type": "ask",
  "price": 9990.001,
  "amount": 0.00006628,
  "time": "23:29:50"
 }
][
 {
  "type": "bid",
  "price": 9990.001,
  "amount": 0.00568675,
  "time": "23:29:53"
 },
 {
  "type": "bid",
  "price": 9990.001,
  "amount": 0.02342397,
  "time": "23:29:51"
 }
][
 {
  "type": "bid",
  "price": 9990.001,
  "amount": 0.01611079,
  "time": "23:29:56"
 }
][
 {
  "type": "ask",
  "price": 9995,
  "amount": 0.18704987,
  "time": "23:30:13"
 }
][
 {
  "type": "ask",
  "price": 9990,
  "amount": 0.00133611,
  "time": "23:30:43"
 },
 {
  "type": "ask",
  "price": 9990,
  "amount": 0.00207,
  "time": "23:30:43"
 },
 {
  "type": "ask",
  "price": 9990,
  "amount": 0.08814924,
  "time": "23:30:43"
 }
][
 {
  "type": "bid",
  "price": 9990,
  "amount": 0.00204465,
  "time": "23:30:46"
 }
][
 {
  "type": "ask",
  "price": 9994.793,
  "amount": 0.37457384,
  "time": "23:30:49"
 }
][
 {
  "type": "bid",
  "price": 9950.69,
  "amount": 0.0036494,
  "time": "23:31:6"
 },
 {
  "type": "bid",
  "price": 9950.69,
  "amount": 0.10408361,
  "time": "23:31:6"
 },
 {
  "type": "bid",
  "price": 9950.69,
  "amount": 1.04168569,
  "time": "23:31:6"
 },
 {
  "type": "bid",
  "price": 9950.69,
  "amount": 0.13594698,
  "time": "23:31:5"
 },
 {
  "type": "bid",
  "price": 9950.69,
  "amount": 0.6343063,
  "time": "23:31:5"
 },
 {
  "type": "ask",
  "price": 9952.229,
  "amount": 0.00123759,
  "time": "23:31:4"
 },
 {
  "type": "ask",
  "price": 9953.064,
  "amount": 0.004,
  "time": "23:31:4"
 },
 {
  "type": "ask",
  "price": 9953.065,
  "amount": 0.37316938,
  "time": "23:31:4"
 },
 {
  "type": "ask",
  "price": 9953.066,
  "amount": 0.0010021,
  "time": "23:31:4"
 },
 {
  "type": "ask",
  "price": 9953.066,
  "amount": 0.001002,
  "time": "23:31:4"
 }
][
 {
  "type": "bid",
  "price": 9950.35,
  "amount": 0.0010022,
  "time": "23:31:8"
 },
 {
  "type": "bid",
  "price": 9950.35,
  "amount": 0.00100309,
  "time": "23:31:8"
 },
 {
  "type": "bid",
  "price": 9950.35,
  "amount": 0.00251071,
  "time": "23:31:8"
 },
 {
  "type": "bid",
  "price": 9950.69,
  "amount": 0.00100299,
  "time": "23:31:7"
 },
 {
  "type": "bid",
  "price": 9950.69,
  "amount": 0.00851989,
  "time": "23:31:7"
 },
 {
  "type": "bid",
  "price": 9950.69,
  "amount": 0.0010021,
  "time": "23:31:7"
 }
][
 {
  "type": "bid",
  "price": 9950.69,
  "amount": 0.0010034,
  "time": "23:31:11"
 },
 {
  "type": "bid",
  "price": 9950.69,
  "amount": 0.01811978,
  "time": "23:31:11"
 },
 {
  "type": "bid",
  "price": 9950.69,
  "amount": 0.0010033,
  "time": "23:31:11"
 },
 {
  "type": "bid",
  "price": 9950.69,
  "amount": 0.04353151,
  "time": "23:31:10"
 },
 {
  "type": "bid",
  "price": 9950.69,
  "amount": 0.0010032,
  "time": "23:31:10"
 },
 {
  "type": "bid",
  "price": 9950.69,
  "amount": 0.001003,
  "time": "23:31:10"
 },
 {
  "type": "bid",
  "price": 9950.69,
  "amount": 0.0010029,
  "time": "23:31:10"
 },
 {
  "type": "bid",
  "price": 9950.69,
  "amount": 0.0010028,
  "time": "23:31:9"
 },
 {
  "type": "bid",
  "price": 9950.69,
  "amount": 0.0010027,
  "time": "23:31:9"
 },
 {
  "type": "bid",
  "price": 9950.69,
  "amount": 0.0010026,
  "time": "23:31:9"
 }
][
 {
  "type": "bid",
  "price": 9950.69,
  "amount": 0.0034895,
  "time": "23:31:12"
 }
][
 {
  "type": "bid",
  "price": 9950.69,
  "amount": 0.11054499,
  "time": "23:31:16"
 },
 {
  "type": "bid",
  "price": 9950.69,
  "amount": 0.00127345,
  "time": "23:31:15"
 },
 {
  "type": "bid",
  "price": 9950.69,
  "amount": 0.0221309,
  "time": "23:31:15"
 },
 {
  "type": "bid",
  "price": 9950.69,
  "amount": 0.03177902,
  "time": "23:31:14"
 },
 {
  "type": "bid",
  "price": 9950.69,
  "amount": 0.02284775,
  "time": "23:31:14"
 }
][
 {
  "type": "bid",
  "price": 9950.69,
  "amount": 0.07510582,
  "time": "23:31:17"
 }
][
 {
  "type": "bid",
  "price": 9950.69,
  "amount": 0.01680007,
  "time": "23:31:20"
 },
 {
  "type": "bid",
  "price": 9950.69,
  "amount": 0.01214571,
  "time": "23:31:18"
 }
][
 {
  "type": "ask",
  "price": 9950.521,
  "amount": 0.06465827,
  "time": "23:31:24"
 }
][
 {
  "type": "bid",
  "price": 9950.69,
  "amount": 0.416772,
  "time": "23:31:31"
 }
][
 {
  "type": "bid",
  "price": 9950.69,
  "amount": 1.1e-7,
  "time": "23:31:34"
 }
][
 {
  "type": "ask",
  "price": 9950,
  "amount": 0.03550777,
  "time": "23:31:48"
 },
 {
  "type": "ask",
  "price": 9950,
  "amount": 0.00839273,
  "time": "23:31:48"
 },
 {
  "type": "ask",
  "price": 9950.028,
  "amount": 0.0037974,
  "time": "23:31:48"
 },
 {
  "type": "ask",
  "price": 9950.029,
  "amount": 0.0010021,
  "time": "23:31:48"
 }
][
 {
  "type": "ask",
  "price": 9972.845,
  "amount": 0.41153437,
  "time": "23:31:57"
 }
][
 {
  "type": "bid",
  "price": 9999,
  "amount": 0.0328668,
  "time": "23:32:4"
 },
 {
  "type": "bid",
  "price": 9995,
  "amount": 0.0113772,
  "time": "23:32:4"
 }
][
 {
  "type": "ask",
  "price": 9974.845,
  "amount": 0.6649871,
  "time": "23:32:53"
 }
][
 {
  "type": "ask",
  "price": 9974.845,
  "amount": 0.14560967,
  "time": "23:33:3"
 }
][
 {
  "type": "ask",
  "price": 9974.845,
  "amount": 0.17100691,
  "time": "23:33:10"
 }
][
 {
  "type": "ask",
  "price": 9950.69,
  "amount": 0.05783194,
  "time": "23:33:55"
 },
 {
  "type": "ask",
  "price": 9950.691,
  "amount": 0.03296031,
  "time": "23:33:55"
 },
 {
  "type": "ask",
  "price": 9950.691,
  "amount": 0.00100304,
  "time": "23:33:55"
 },
 {
  "type": "ask",
  "price": 9950.691,
  "amount": 0.00100596,
  "time": "23:33:55"
 },
 {
  "type": "ask",
  "price": 9950.691,
  "amount": 0.00100224,
  "time": "23:33:55"
 },
 {
  "type": "ask",
  "price": 9950.691,
  "amount": 0.00100214,
  "time": "23:33:55"
 }
][
 {
  "type": "ask",
  "price": 9950.69,
  "amount": 0.00207187,
  "time": "23:33:59"
 },
 {
  "type": "ask",
  "price": 9950.69,
  "amount": 0.02330733,
  "time": "23:33:59"
 }
][
 {
  "type": "ask",
  "price": 9950.69,
  "amount": 0.00427166,
  "time": "23:34:5"
 }
][
 {
  "type": "ask",
  "price": 9950.69,
  "amount": 0.0125172,
  "time": "23:34:9"
 }
][
 {
  "type": "bid",
  "price": 9950.69,
  "amount": 0.04291807,
  "time": "23:34:10"
 }
][
 {
  "type": "bid",
  "price": 9950.69,
  "amount": 0.01145164,
  "time": "23:34:38"
 }
][
 {
  "type": "bid",
  "price": 9950.69,
  "amount": 0.00412819,
  "time": "23:34:41"
 }
][
 {
  "type": "ask",
  "price": 9970,
  "amount": 0.48963513,
  "time": "23:35:8"
 }
][
 {
  "type": "ask",
  "price": 9970,
  "amount": 0.24276776,
  "time": "23:35:16"
 }
][
 {
  "type": "bid",
  "price": 9990,
  "amount": 0.00474078,
  "time": "23:35:34"
 }
][
 {
  "type": "ask",
  "price": 9970,
  "amount": 0.05836761,
  "time": "23:35:54"
 }
][
 {
  "type": "bid",
  "price": 9990,
  "amount": 0.0127306,
  "time": "23:35:55"
 }
][
 {
  "type": "ask",
  "price": 9990,
  "amount": 0.00952353,
  "time": "23:35:58"
 }
][
 {
  "type": "ask",
  "price": 9965,
  "amount": 0.01681322,
  "time": "23:37:38"
 }
][
 {
  "type": "ask",
  "price": 9965,
  "amount": 0.00195509,
  "time": "23:37:50"
 }
][
 {
  "type": "ask",
  "price": 9982.272,
  "amount": 0.06050395,
  "time": "23:38:8"
 }
][
 {
  "type": "ask",
  "price": 9982.272,
  "amount": 0.50433035,
  "time": "23:39:41"
 }
][
 {
  "type": "bid",
  "price": 10028.61,
  "amount": 0.04879411,
  "time": "23:40:21"
 },
 {
  "type": "bid",
  "price": 10028.609,
  "amount": 0.00100069,
  "time": "23:40:21"
 },
 {
  "type": "bid",
  "price": 10028.609,
  "amount": 0.00100059,
  "time": "23:40:21"
 },
 {
  "type": "bid",
  "price": 10028.609,
  "amount": 0.00100108,
  "time": "23:40:21"
 },
 {
  "type": "bid",
  "price": 10028.609,
  "amount": 0.00100098,
  "time": "23:40:21"
 },
 {
  "type": "bid",
  "price": 10028.609,
  "amount": 0.0010009,
  "time": "23:40:21"
 },
 {
  "type": "bid",
  "price": 10028.609,
  "amount": 0.00100049,
  "time": "23:40:21"
 },
 {
  "type": "bid",
  "price": 10028.609,
  "amount": 0.00100039,
  "time": "23:40:21"
 },
 {
  "type": "bid",
  "price": 10028.609,
  "amount": 0.00100103,
  "time": "23:40:21"
 },
 {
  "type": "bid",
  "price": 10028.609,
  "amount": 0.0933456,
  "time": "23:40:21"
 }
][
 {
  "type": "ask",
  "price": 9995.397,
  "amount": 0.58158204,
  "time": "23:40:30"
 },
 {
  "type": "ask",
  "price": 9999.544,
  "amount": 0.00827525,
  "time": "23:40:30"
 }
][
 {
  "type": "ask",
  "price": 9995.397,
  "amount": 0.00827525,
  "time": "23:40:40"
 }
][
 {
  "type": "ask",
  "price": 9995.402,
  "amount": 0.57521695,
  "time": "23:40:49"
 }
][
 {
  "type": "ask",
  "price": 10000,
  "amount": 0.13325,
  "time": "23:41:26"
 }
][
 {
  "type": "ask",
  "price": 10000.11,
  "amount": 0.01675884,
  "time": "23:41:51"
 }
][
 {
  "type": "bid",
  "price": 9992.034,
  "amount": 0.16809855,
  "time": "23:41:57"
 }
][
 {
  "type": "bid",
  "price": 9990.025,
  "amount": 0.29005695,
  "time": "23:42:11"
 }
][
 {
  "type": "ask",
  "price": 9965.021,
  "amount": 0.00100431,
  "time": "23:42:20"
 },
 {
  "type": "ask",
  "price": 9965.021,
  "amount": 0.0010027,
  "time": "23:42:20"
 },
 {
  "type": "ask",
  "price": 9965.021,
  "amount": 0.0010026,
  "time": "23:42:20"
 },
 {
  "type": "ask",
  "price": 9965.021,
  "amount": 0.0010025,
  "time": "23:42:20"
 },
 {
  "type": "ask",
  "price": 9965.021,
  "amount": 0.0010023,
  "time": "23:42:20"
 },
 {
  "type": "ask",
  "price": 9965.021,
  "amount": 0.0010022,
  "time": "23:42:20"
 },
 {
  "type": "ask",
  "price": 9965.021,
  "amount": 0.0010021,
  "time": "23:42:20"
 }
][
 {
  "type": "ask",
  "price": 9965.011,
  "amount": 0.5155538,
  "time": "23:42:23"
 }
][
 {
  "type": "bid",
  "price": 9965.021,
  "amount": 0.02398129,
  "time": "23:42:28"
 }
][
 {
  "type": "bid",
  "price": 9985.474,
  "amount": 0.59605632,
  "time": "23:42:49"
 }
][
 {
  "type": "ask",
  "price": 9965,
  "amount": 0.02582664,
  "time": "23:43:7"
 }
][
 {
  "type": "ask",
  "price": 9960.001,
  "amount": 0.0010025,
  "time": "23:43:10"
 },
 {
  "type": "ask",
  "price": 9960.001,
  "amount": 0.0010024,
  "time": "23:43:10"
 },
 {
  "type": "ask",
  "price": 9960.001,
  "amount": 0.0010023,
  "time": "23:43:10"
 },
 {
  "type": "ask",
  "price": 9960.001,
  "amount": 0.0010021,
  "time": "23:43:10"
 },
 {
  "type": "ask",
  "price": 9960.001,
  "amount": 0.001002,
  "time": "23:43:10"
 },
 {
  "type": "ask",
  "price": 9965,
  "amount": 0.02002098,
  "time": "23:43:9"
 },
 {
  "type": "ask",
  "price": 9965,
  "amount": 0.00821316,
  "time": "23:43:9"
 },
 {
  "type": "ask",
  "price": 9965,
  "amount": 0.02717091,
  "time": "23:43:9"
 }
][
 {
  "type": "ask",
  "price": 9960,
  "amount": 0.00527227,
  "time": "23:43:12"
 }
][
 {
  "type": "ask",
  "price": 9960,
  "amount": 0.00399773,
  "time": "23:43:13"
 }
][
 {
  "type": "ask",
  "price": 9954.745,
  "amount": 0.02152808,
  "time": "23:43:16"
 },
 {
  "type": "ask",
  "price": 9954.746,
  "amount": 0.00100243,
  "time": "23:43:16"
 },
 {
  "type": "ask",
  "price": 9954.746,
  "amount": 0.00013747,
  "time": "23:43:16"
 },
 {
  "type": "ask",
  "price": 9954.746,
  "amount": 0.00086486,
  "time": "23:43:15"
 },
 {
  "type": "ask",
  "price": 9954.746,
  "amount": 0.00100223,
  "time": "23:43:15"
 },
 {
  "type": "ask",
  "price": 9954.746,
  "amount": 0.00100213,
  "time": "23:43:15"
 }
][
 {
  "type": "ask",
  "price": 9954.745,
  "amount": 0.00397861,
  "time": "23:43:17"
 }
][
 {
  "type": "ask",
  "price": 9953.997,
  "amount": 0.0042439,
  "time": "23:43:19"
 },
 {
  "type": "ask",
  "price": 9953.998,
  "amount": 0.001002,
