[
 {
  "type": "ask",
  "price": 694.24105,
  "amount": 3.68771732,
  "time": "20:53:23"
 },
 {
  "type": "ask",
  "price": 691.97873,
  "amount": 0.18467194,
  "time": "20:53:10"
 },
 {
  "type": "ask",
  "price": 692.52322,
  "amount": 0.50719,
  "time": "20:52:52"
 },
 {
  "type": "ask",
  "price": 692.48394,
  "amount": 0.1060492,
  "time": "20:52:4"
 },
 {
  "type": "ask",
  "price": 695.00477,
  "amount": 6.25132051,
  "time": "20:51:50"
 },
 {
  "type": "ask",
  "price": 693.66131,
  "amount": 0.0966965,
  "time": "20:50:36"
 },
 {
  "type": "ask",
  "price": 694.40066,
  "amount": 0.20346003,
  "time": "20:50:33"
 },
 {
  "type": "ask",
  "price": 694.40066,
  "amount": 0.08181513,
  "time": "20:50:17"
 },
 {
  "type": "ask",
  "price": 694.40066,
  "amount": 0.0570311,
  "time": "20:48:49"
 },
 {
  "type": "ask",
  "price": 694.40066,
  "amount": 0.02804757,
  "time": "20:48:47"
 }
][
 {
  "type": "ask",
  "price": 694.29105,
  "amount": 2.16873588,
  "time": "20:55:4"
 }
][
 {
  "type": "ask",
  "price": 694.29105,
  "amount": 8.81172797,
  "time": "20:57:2"
 }
][
 {
  "type": "ask",
  "price": 696.50338,
  "amount": 0.7,
  "time": "20:57:59"
 }
][
 {
  "type": "ask",
  "price": 694.30169,
  "amount": 9.41325689,
  "time": "20:58:9"
 }
][
 {
  "type": "bid",
  "price": 696.50338,
  "amount": 0.03899319,
  "time": "20:58:24"
 }
][
 {
  "type": "ask",
  "price": 694.30169,
  "amount": 2.18949369,
  "time": "20:59:38"
 }
][
 {
  "type": "ask",
  "price": 694.30168,
  "amount": 2.39390861,
  "time": "20:59:47"
 }
][
 {
  "type": "bid",
  "price": 696.50337,
  "amount": 0.03899319,
  "time": "21:0:13"
 }
][
 {
  "type": "bid",
  "price": 696.50338,
  "amount": 0.09361351,
  "time": "21:0:44"
 }
][
 {
  "type": "bid",
  "price": 696.50336,
  "amount": 0.06054221,
  "time": "21:0:47"
 }
][
 {
  "type": "bid",
  "price": 696.50336,
  "amount": 0.09361355,
  "time": "21:0:51"
 }
][
 {
  "type": "bid",
  "price": 696.50338,
  "amount": 0.0812759,
  "time": "21:1:0"
 }
][
 {
  "type": "bid",
  "price": 696.50337,
  "amount": 0.36825667,
  "time": "21:1:4"
 },
 {
  "type": "bid",
  "price": 696.50337,
  "amount": 0.30797064,
  "time": "21:1:2"
 }
][
 {
  "type": "ask",
  "price": 696.50336,
  "amount": 0.0794332,
  "time": "21:1:31"
 }
][
 {
  "type": "bid",
  "price": 696.50337,
  "amount": 0.2320836,
  "time": "21:1:34"
 }
][
 {
  "type": "bid",
  "price": 696.50336,
  "amount": 0.08856099,
  "time": "21:2:12"
 }
][
 {
  "type": "bid",
  "price": 696.50338,
  "amount": 0.0574338,
  "time": "21:2:14"
 }
][
 {
  "type": "bid",
  "price": 696.50337,
  "amount": 0.2985997,
  "time": "21:2:56"
 }
][
 {
  "type": "bid",
  "price": 696.50336,
  "amount": 0.1937204,
  "time": "21:3:1"
 },
 {
  "type": "bid",
  "price": 696.50336,
  "amount": 0.09853564,
  "time": "21:3:0"
 }
][
 {
  "type": "bid",
  "price": 696.50337,
  "amount": 0.07057913,
  "time": "21:3:24"
 }
][
 {
  "type": "bid",
  "price": 696.50338,
  "amount": 0.03907915,
  "time": "21:3:29"
 }
][
 {
  "type": "bid",
  "price": 696.50337,
  "amount": 0.05945649,
  "time": "21:3:30"
 }
][
 {
  "type": "bid",
  "price": 696.50337,
  "amount": 0.02391991,
  "time": "21:3:42"
 },
 {
  "type": "bid",
  "price": 696.50337,
  "amount": 0.08347475,
  "time": "21:3:39"
 }
][
 {
  "type": "bid",
  "price": 696.50337,
  "amount": 0.03558096,
  "time": "21:3:52"
 }
][
 {
  "type": "bid",
  "price": 696.50337,
  "amount": 0.0891392,
  "time": "21:3:57"
 }
][
 {
  "type": "bid",
  "price": 696.50336,
  "amount": 0.432,
  "time": "21:4:2"
 }
][
 {
  "type": "ask",
  "price": 695.14346,
  "amount": 6.17690813,
  "time": "21:4:16"
 }
][
 {
  "type": "bid",
  "price": 696.50337,
  "amount": 0.432,
  "time": "21:4:34"
 }
][
 {
  "type": "bid",
  "price": 696.50337,
  "amount": 0.31300423,
  "time": "21:4:56"
 }
][
 {
  "type": "ask",
  "price": 695.14345,
  "amount": 9.0878433,
  "time": "21:5:1"
 }
][
 {
  "type": "bid",
  "price": 696.50338,
  "amount": 0.05572796,
  "time": "21:5:14"
 }
][
 {
  "type": "bid",
  "price": 696.50339,
  "amount": 0.110029,
  "time": "21:5:28"
 },
 {
  "type": "bid",
  "price": 696.50338,
  "amount": 0.00372853,
  "time": "21:5:28"
 }
][
 {
  "type": "bid",
  "price": 696.50334,
  "amount": 0.05478043,
  "time": "21:5:32"
 }
][
 {
  "type": "ask",
  "price": 695.75458,
  "amount": 8.50667081,
  "time": "21:6:50"
 }
][
 {
  "type": "ask",
  "price": 695.75458,
  "amount": 6.95242593,
  "time": "21:7:51"
 }
][
 {
  "type": "ask",
  "price": 693.98354,
  "amount": 0.05462054,
  "time": "21:10:19"
 }
][
 {
  "type": "bid",
  "price": 697.52559,
  "amount": 0.06208914,
  "time": "21:10:39"
 }
][
 {
  "type": "ask",
  "price": 695.20121,
  "amount": 5.8380289,
  "time": "21:11:1"
 }
][
 {
  "type": "ask",
  "price": 695.20121,
  "amount": 3.44332813,
  "time": "21:11:4"
 }
][
 {
  "type": "bid",
  "price": 697.52562,
  "amount": 0.08692431,
  "time": "21:12:22"
 }
][
 {
  "type": "ask",
  "price": 695.57295,
  "amount": 8.55690377,
  "time": "21:12:44"
 }
][
 {
  "type": "bid",
  "price": 697.52562,
  "amount": 0.14336391,
  "time": "21:13:20"
 }
][
 {
  "type": "ask",
  "price": 697.52561,
  "amount": 0.46427649,
  "time": "21:14:30"
 },
 {
  "type": "ask",
  "price": 697.52561,
  "amount": 3.03572351,
  "time": "21:14:30"
 }
][
 {
  "type": "ask",
  "price": 695.72294,
  "amount": 9.2874363,
  "time": "21:14:33"
 }
][
 {
  "type": "ask",
  "price": 695.77013,
  "amount": 3.33851967,
  "time": "21:17:56"
 }
][
 {
  "type": "ask",
  "price": 695.77014,
  "amount": 0.14012533,
  "time": "21:18:11"
 }
][
 {
  "type": "ask",
  "price": 695.77014,
  "amount": 0.25948464,
  "time": "21:18:14"
 }
][
 {
  "type": "ask",
  "price": 695.77014,
  "amount": 0.27945674,
  "time": "21:18:16"
 }
][
 {
  "type": "ask",
  "price": 695.77014,
  "amount": 0.21782084,
  "time": "21:18:26"
 }
][
 {
  "type": "ask",
  "price": 695.77013,
  "amount": 8.72050442,
  "time": "21:18:42"
 }
][
 {
  "type": "ask",
  "price": 695.07124,
  "amount": 0.66927597,
  "time": "21:21:57"
 }
][
 {
  "type": "ask",
  "price": 695.07124,
  "amount": 8.16422222,
  "time": "21:24:14"
 }
][
 {
  "type": "ask",
  "price": 695.07124,
  "amount": 2.59023389,
  "time": "21:24:31"
 }
][
 {
  "type": "ask",
  "price": 695.07124,
  "amount": 1.91535263,
  "time": "21:26:36"
 }
][
 {
  "type": "bid",
  "price": 697.52,
  "amount": 0.04097788,
  "time": "21:30:50"
 },
 {
  "type": "ask",
  "price": 695.12125,
  "amount": 6.82655174,
  "time": "21:30:50"
 }
][
 {
  "type": "bid",
  "price": 697.52563,
  "amount": 0.05114559,
  "time": "21:30:52"
 }
][
 {
  "type": "bid",
  "price": 697.52563,
  "amount": 0.21345237,
  "time": "21:30:55"
 }
][
 {
  "type": "bid",
  "price": 697.52563,
  "amount": 0.10269886,
  "time": "21:31:2"
 }
][
 {
  "type": "bid",
  "price": 698.17456,
  "amount": 0.0505937,
  "time": "21:31:27"
 }
][
 {
  "type": "ask",
  "price": 699.43142,
  "amount": 0.08985889,
  "time": "21:33:52"
 },
 {
  "type": "ask",
  "price": 699.43142,
  "amount": 0.86543121,
  "time": "21:33:51"
 },
 {
  "type": "bid",
  "price": 699.43142,
  "amount": 0.0447099,
  "time": "21:33:50"
 }
][
 {
  "type": "ask",
  "price": 697.98348,
  "amount": 3.00933488,
  "time": "21:36:31"
 }
][
 {
  "type": "bid",
  "price": 699.96697,
  "amount": 0.10543524,
  "time": "21:37:18"
 }
][
 {
  "type": "ask",
  "price": 697.98348,
  "amount": 7.6308641,
  "time": "21:37:43"
 }
][
 {
  "type": "ask",
  "price": 697.98348,
  "amount": 6.47612014,
  "time": "21:38:25"
 }
][
 {
  "type": "ask",
  "price": 697.98348,
  "amount": 1.69471986,
  "time": "21:41:38"
 }
][
 {
  "type": "ask",
  "price": 696,
  "amount": 0.0412,
  "time": "21:42:50"
 }
][
 {
  "type": "ask",
  "price": 697.64659,
  "amount": 2.98898495,
  "time": "21:43:59"
 }
][
 {
  "type": "ask",
  "price": 697.64659,
  "amount": 2.00212863,
  "time": "21:44:4"
 }
][
 {
  "type": "ask",
  "price": 697.64659,
  "amount": 0.50877039,
  "time": "21:45:19"
 }
][
 {
  "type": "ask",
  "price": 697.64659,
  "amount": 4.49094401,
  "time": "21:46:12"
 }
][
 {
  "type": "ask",
  "price": 695.32621,
  "amount": 0.1638148,
  "time": "21:49:33"
 }
][
 {
  "type": "ask",
  "price": 696.91597,
  "amount": 4.43972628,
  "time": "21:49:41"
 }
][
 {
  "type": "bid",
  "price": 696.91597,
  "amount": 0.36935609,
  "time": "21:49:51"
 }
][
 {
  "type": "bid",
  "price": 699.96697,
  "amount": 0.0505275,
  "time": "21:50:32"
 },
 {
  "type": "bid",
  "price": 699.43128,
  "amount": 0.0694725,
  "time": "21:50:32"
 }
][
 {
  "type": "ask",
  "price": 697.66203,
  "amount": 6.47565736,
  "time": "21:53:5"
 }
][
 {
  "type": "ask",
  "price": 697.66203,
  "amount": 5.13724447,
  "time": "21:53:39"
 }
][
 {
  "type": "ask",
  "price": 695.3571,
  "amount": 0.67276,
  "time": "21:54:26"
 }
][
 {
  "type": "ask",
  "price": 695.2571,
  "amount": 0.1420806,
  "time": "21:54:29"
 }
][
 {
  "type": "ask",
  "price": 694.63085,
  "amount": 0.1297661,
  "time": "21:54:39"
 }
][
 {
  "type": "ask",
  "price": 696.42696,
  "amount": 9.32487023,
  "time": "21:54:49"
 },
 {
  "type": "ask",
  "price": 696.42696,
  "amount": 0.28548294,
  "time": "21:54:49"
 }
][
 {
  "type": "bid",
  "price": 696.42696,
  "amount": 0.28548294,
  "time": "21:54:51"
 }
][
 {
  "type": "ask",
  "price": 694.50066,
  "amount": 0.28975689,
  "time": "21:55:15"
 }
][
 {
  "type": "bid",
  "price": 695.3571,
  "amount": 0.0094859,
  "time": "21:55:32"
 },
 {
  "type": "bid",
  "price": 695.3571,
  "amount": 0.0229585,
  "time": "21:55:29"
 }
][
 {
  "type": "ask",
  "price": 694.50066,
  "amount": 0.20351937,
  "time": "21:56:38"
 }
][
 {
  "type": "bid",
  "price": 698.45326,
  "amount": 0.0907837,
  "time": "21:57:31"
 }
][
 {
  "type": "bid",
  "price": 696.79181,
  "amount": 8.38123263,
  "time": "21:57:47"
 }
][
 {
  "type": "bid",
  "price": 699,
  "amount": 0.2,
  "time": "22:3:39"
 },
 {
  "type": "ask",
  "price": 696.70033,
  "amount": 6.97997617,
  "time": "22:3:10"
 },
 {
  "type": "bid",
  "price": 696.79181,
  "amount": 8.38123263,
  "time": "21:57:47"
 },
 {
  "type": "bid",
  "price": 698.45326,
  "amount": 0.0907837,
  "time": "21:57:31"
 },
 {
  "type": "ask",
  "price": 694.50066,
  "amount": 0.20351937,
  "time": "21:56:38"
 },
 {
  "type": "bid",
  "price": 695.3571,
  "amount": 0.0094859,
  "time": "21:55:32"
 },
 {
  "type": "bid",
  "price": 695.3571,
  "amount": 0.0229585,
  "time": "21:55:29"
 },
 {
  "type": "ask",
  "price": 694.50066,
  "amount": 0.28975689,
  "time": "21:55:15"
 },
 {
  "type": "bid",
  "price": 696.42696,
  "amount": 0.28548294,
  "time": "21:54:51"
 },
 {
  "type": "ask",
  "price": 696.42696,
  "amount": 9.32487023,
  "time": "21:54:49"
 }
][
 {
  "type": "ask",
  "price": 696.45567,
  "amount": 5.11367281,
  "time": "22:4:23"
 }
][
 {
  "type": "ask",
  "price": 696.45567,
  "amount": 6.20938208,
  "time": "22:6:4"
 },
 {
  "type": "ask",
  "price": 696.45567,
  "amount": 7.28079745,
  "time": "22:5:42"
 }
][
 {
  "type": "ask",
  "price": 696.45567,
  "amount": 6.20938208,
  "time": "22:6:4"
 },
 {
  "type": "ask",
  "price": 696.45567,
  "amount": 7.28079745,
  "time": "22:5:42"
 },
 {
  "type": "ask",
  "price": 696.45567,
  "amount": 5.11367281,
  "time": "22:4:23"
 },
 {
  "type": "bid",
  "price": 699,
  "amount": 0.2,
  "time": "22:3:39"
 },
 {
  "type": "ask",
  "price": 696.70033,
  "amount": 6.97997617,
  "time": "22:3:10"
 },
 {
  "type": "bid",
  "price": 696.79181,
  "amount": 8.38123263,
  "time": "21:57:47"
 },
 {
  "type": "bid",
  "price": 698.45326,
  "amount": 0.0907837,
  "time": "21:57:31"
 },
 {
  "type": "ask",
  "price": 694.50066,
  "amount": 0.20351937,
  "time": "21:56:38"
 },
 {
  "type": "bid",
  "price": 695.3571,
  "amount": 0.0094859,
  "time": "21:55:32"
 },
 {
  "type": "bid",
  "price": 695.3571,
  "amount": 0.0229585,
  "time": "21:55:29"
 }
][
 {
  "type": "ask",
  "price": 696.70033,
  "amount": 6.99490957,
  "time": "22:7:16"
 }
][
 {
  "type": "ask",
  "price": 696.70033,
  "amount": 4.84227684,
  "time": "22:8:45"
 }
][
 {
  "type": "ask",
  "price": 696.70033,
  "amount": 4.84227684,
  "time": "22:8:45"
 },
 {
  "type": "ask",
  "price": 696.70033,
  "amount": 6.99490957,
  "time": "22:7:16"
 },
 {
  "type": "ask",
  "price": 696.45567,
  "amount": 6.20938208,
  "time": "22:6:4"
 },
 {
  "type": "ask",
  "price": 696.45567,
  "amount": 7.28079745,
  "time": "22:5:42"
 },
 {
  "type": "ask",
  "price": 696.45567,
  "amount": 5.11367281,
  "time": "22:4:23"
 },
 {
  "type": "bid",
  "price": 699,
  "amount": 0.2,
  "time": "22:3:39"
 },
 {
  "type": "ask",
  "price": 696.70033,
  "amount": 6.97997617,
  "time": "22:3:10"
 },
 {
  "type": "bid",
  "price": 696.79181,
  "amount": 8.38123263,
  "time": "21:57:47"
 },
 {
  "type": "bid",
  "price": 698.45326,
  "amount": 0.0907837,
  "time": "21:57:31"
 },
 {
  "type": "ask",
  "price": 694.50066,
  "amount": 0.20351937,
  "time": "21:56:38"
 }
][
 {
  "type": "ask",
  "price": 696.70033,
  "amount": 2.84254644,
  "time": "22:10:56"
 }
][
 {
  "type": "bid",
  "price": 698.5107,
  "amount": 0.432,
  "time": "22:11:20"
 }
][
 {
  "type": "bid",
  "price": 698.5107,
  "amount": 0.432,
  "time": "22:11:20"
 },
 {
  "type": "ask",
  "price": 696.70033,
  "amount": 2.84254644,
  "time": "22:10:56"
 },
 {
  "type": "ask",
  "price": 696.70033,
  "amount": 4.84227684,
  "time": "22:8:45"
 },
 {
  "type": "ask",
  "price": 696.70033,
  "amount": 6.99490957,
  "time": "22:7:16"
 },
 {
  "type": "ask",
  "price": 696.45567,
  "amount": 6.20938208,
  "time": "22:6:4"
 },
 {
  "type": "ask",
  "price": 696.45567,
  "amount": 7.28079745,
  "time": "22:5:42"
 },
 {
  "type": "ask",
  "price": 696.45567,
  "amount": 5.11367281,
  "time": "22:4:23"
 },
 {
  "type": "bid",
  "price": 699,
  "amount": 0.2,
  "time": "22:3:39"
 },
 {
  "type": "ask",
  "price": 696.70033,
  "amount": 6.97997617,
  "time": "22:3:10"
 },
 {
  "type": "bid",
  "price": 696.79181,
  "amount": 8.38123263,
  "time": "21:57:47"
 }
][
 {
  "type": "ask",
  "price": 696.45567,
  "amount": 2.10276047,
  "time": "22:13:17"
 }
][
 {
  "type": "ask",
  "price": 695.70033,
  "amount": 7.77686313,
  "time": "22:20:7"
 },
 {
  "type": "ask",
  "price": 696.20033,
  "amount": 4.94349578,
  "time": "22:18:42"
 },
 {
  "type": "ask",
  "price": 696.14135,
  "amount": 9.49203262,
  "time": "22:17:16"
 },
 {
  "type": "bid",
  "price": 697.88205,
  "amount": 0.27879258,
  "time": "22:16:49"
 },
 {
  "type": "ask",
  "price": 696.20033,
  "amount": 3.60095444,
  "time": "22:14:54"
 },
 {
  "type": "ask",
  "price": 696.45567,
  "amount": 2.10276047,
  "time": "22:13:17"
 },
 {
  "type": "bid",
  "price": 698.5107,
  "amount": 0.432,
  "time": "22:11:20"
 },
 {
  "type": "ask",
  "price": 696.70033,
  "amount": 2.84254644,
  "time": "22:10:56"
 },
 {
  "type": "ask",
  "price": 696.70033,
  "amount": 4.84227684,
  "time": "22:8:45"
 },
 {
  "type": "ask",
  "price": 696.70033,
  "amount": 6.99490957,
  "time": "22:7:16"
 }
][
 {
  "type": "ask",
  "price": 694.40066,
  "amount": 0.14514185,
  "time": "22:23:56"
 },
 {
  "type": "ask",
  "price": 695.70033,
  "amount": 8.92337878,
  "time": "22:22:29"
 },
 {
  "type": "ask",
  "price": 694.40066,
  "amount": 0.22405546,
  "time": "22:21:56"
 },
 {
  "type": "ask",
  "price": 695.70033,
  "amount": 7.77686313,
  "time": "22:20:7"
 },
 {
  "type": "ask",
  "price": 696.20033,
  "amount": 4.94349578,
  "time": "22:18:42"
 },
 {
  "type": "ask",
  "price": 696.14135,
  "amount": 9.49203262,
  "time": "22:17:16"
 },
 {
  "type": "bid",
  "price": 697.88205,
  "amount": 0.27879258,
  "time": "22:16:49"
 },
 {
  "type": "ask",
  "price": 696.20033,
  "amount": 3.60095444,
  "time": "22:14:54"
 },
 {
  "type": "ask",
  "price": 696.45567,
  "amount": 2.10276047,
  "time": "22:13:17"
 },
 {
  "type": "bid",
  "price": 698.5107,
  "amount": 0.432,
  "time": "22:11:20"
 }
][
 {
  "type": "ask",
  "price": 693.17518,
  "amount": 0.093421,
  "time": "22:26:31"
 },
 {
  "type": "ask",
  "price": 694.21495,
  "amount": 0.1219188,
  "time": "22:26:4"
 },
 {
  "type": "bid",
  "price": 695.60747,
  "amount": 9.65137181,
  "time": "22:26:0"
 },
 {
  "type": "bid",
  "price": 695.60747,
  "amount": 8.76800073,
  "time": "22:25:57"
 },
 {
  "type": "ask",
  "price": 695.60748,
  "amount": 7.68921756,
  "time": "22:25:26"
 },
 {
  "type": "ask",
  "price": 694.40066,
  "amount": 0.14514185,
  "time": "22:23:56"
 },
 {
  "type": "ask",
  "price": 695.70033,
  "amount": 8.92337878,
  "time": "22:22:29"
 },
 {
  "type": "ask",
  "price": 694.40066,
  "amount": 0.22405546,
  "time": "22:21:56"
 },
 {
  "type": "ask",
  "price": 695.70033,
  "amount": 7.77686313,
  "time": "22:20:7"
 },
 {
  "type": "ask",
  "price": 696.20033,
  "amount": 4.94349578,
  "time": "22:18:42"
 }
][
 {
  "type": "ask",
  "price": 692.1,
  "amount": 0.1,
  "time": "22:27:29"
 },
 {
  "type": "ask",
  "price": 692.13698,
  "amount": 0.0880573,
  "time": "22:27:25"
 },
 {
  "type": "ask",
  "price": 694.51849,
  "amount": 7.70347114,
  "time": "22:26:55"
 }
][
 {
  "type": "ask",
  "price": 691.97873,
  "amount": 0.18623766,
  "time": "22:28:25"
 },
 {
  "type": "ask",
  "price": 692.1,
  "amount": 0.1,
  "time": "22:27:29"
 },
 {
  "type": "ask",
  "price": 692.13698,
  "amount": 0.0880573,
  "time": "22:27:25"
 },
 {
  "type": "ask",
  "price": 694.51849,
  "amount": 7.70347114,
  "time": "22:26:55"
 },
 {
  "type": "ask",
  "price": 693.17518,
  "amount": 0.093421,
  "time": "22:26:31"
 },
 {
  "type": "ask",
  "price": 694.21495,
  "amount": 0.1219188,
  "time": "22:26:4"
 },
 {
  "type": "bid",
  "price": 695.60747,
  "amount": 9.65137181,
  "time": "22:26:0"
 },
 {
  "type": "bid",
  "price": 695.60747,
  "amount": 8.76800073,
  "time": "22:25:57"
 },
 {
  "type": "ask",
  "price": 695.60748,
  "amount": 7.68921756,
  "time": "22:25:26"
 },
 {
  "type": "ask",
  "price": 694.40066,
  "amount": 0.14514185,
  "time": "22:23:56"
 }
][
 {
  "type": "bid",
  "price": 695.09,
  "amount": 0.69999971,
  "time": "22:43:42"
 },
 {
  "type": "bid",
  "price": 693.17018,
  "amount": 0.1134786,
  "time": "22:43:42"
 },
 {
  "type": "bid",
  "price": 692.685,
  "amount": 0.1363541,
  "time": "22:43:42"
 },
 {
  "type": "bid",
  "price": 692.66847,
  "amount": 0.25709059,
  "time": "22:43:42"
 },
 {
  "type": "bid",
  "price": 691.57979,
  "amount": 0.1274287,
  "time": "22:43:36"
 },
 {
  "type": "ask",
  "price": 687.72619,
  "amount": 0.0823733,
  "time": "22:43:23"
 },
 {
  "type": "ask",
  "price": 690.19733,
  "amount": 3.88475846,
  "time": "22:43:3"
 },
 {
  "type": "bid",
  "price": 692.66847,
  "amount": 0.1109436,
  "time": "22:42:17"
 },
 {
  "type": "bid",
  "price": 692,
  "amount": 0.0046915,
  "time": "22:42:17"
 },
 {
  "type": "bid",
  "price": 692,
  "amount": 0.04959473,
  "time": "22:42:3"
 }
][
 {
  "type": "bid",
  "price": 693.79511,
  "amount": 0.1038548,
  "time": "22:45:6"
 }
][
 {
  "type": "bid",
  "price": 695.09,
  "amount": 2.9e-7,
  "time": "22:46:17"
 }
][
 {
  "type": "ask",
  "price": 695.09,
  "amount": 0.73081104,
  "time": "22:46:19"
 },
 {
  "type": "ask",
  "price": 695.09,
  "amount": 0.01918867,
  "time": "22:46:18"
 }
][
 {
  "type": "ask",
  "price": 692.5704,
  "amount": 0.80506376,
  "time": "22:47:28"
 }
][
 {
  "type": "bid",
  "price": 695.0928,
  "amount": 0.01402141,
  "time": "22:47:32"
 },
 {
  "type": "ask",
  "price": 692.5704,
  "amount": 3.27092985,
  "time": "22:47:31"
 }
][
 {
  "type": "bid",
  "price": 695.09281,
  "amount": 0.19868154,
  "time": "22:47:44"
 }
][
 {
  "type": "bid",
  "price": 695.09281,
  "amount": 0.0868392,
  "time": "22:48:0"
 }
][
 {
  "type": "bid",
  "price": 695.09281,
  "amount": 0.08254472,
  "time": "22:48:5"
 }
][
 {
  "type": "bid",
  "price": 695.66777,
  "amount": 0.0914792,
  "time": "22:48:14"
 }
][
 {
  "type": "ask",
  "price": 694.41472,
  "amount": 6.26396213,
  "time": "22:48:26"
 }
][
 {
  "type": "ask",
  "price": 694.41472,
  "amount": 9.09077353,
  "time": "22:48:37"
 }
][
 {
  "type": "bid",
  "price": 696.85071,
  "amount": 0.0191,
  "time": "22:49:5"
 }
][
 {
  "type": "ask",
  "price": 694.41472,
  "amount": 3.4855591,
  "time": "22:50:52"
 }
][
 {
  "type": "bid",
  "price": 696.85071,
  "amount": 0.0213,
  "time": "22:51:14"
 }
][
 {
  "type": "bid",
  "price": 696.85071,
  "amount": 0.0362692,
  "time": "22:51:43"
 }
][
 {
  "type": "ask",
  "price": 694.88013,
  "amount": 4.71345134,
  "time": "22:52:17"
 }
][
 {
  "type": "bid",
  "price": 697,
  "amount": 0.02039793,
  "time": "22:52:55"
 }
][
 {
  "type": "bid",
  "price": 697,
  "amount": 0.12969383,
  "time": "22:53:39"
 }
][
 {
  "type": "bid",
  "price": 697,
  "amount": 0.05922052,
  "time": "22:54:3"
 }
][
 {
  "type": "ask",
  "price": 695.24255,
  "amount": 8.95316979,
  "time": "22:54:10"
 }
][
 {
  "type": "ask",
  "price": 695.24255,
  "amount": 3.60073688,
  "time": "22:54:27"
 }
][
 {
  "type": "ask",
  "price": 695.24255,
  "amount": 1.27608358,
  "time": "22:58:42"
 }
][
 {
  "type": "ask",
  "price": 695.06347,
  "amount": 0.60981104,
  "time": "23:1:13"
 }
][
 {
  "type": "ask",
  "price": 695.06347,
  "amount": 1.77883829,
  "time": "23:1:19"
 }
][
 {
  "type": "ask",
  "price": 695,
  "amount": 0.81669548,
  "time": "23:7:13"
 }
][
 {
  "type": "ask",
  "price": 693,
  "amount": 0.1,
  "time": "23:8:50"
 },
 {
  "type": "ask",
  "price": 695,
  "amount": 2.96313397,
  "time": "23:8:50"
 }
][
 {
  "type": "bid",
  "price": 697,
  "amount": 0.97978005,
  "time": "23:12:17"
 }
][
 {
  "type": "ask",
  "price": 695.26282,
  "amount": 1.5728633,
  "time": "23:12:20"
 }
][
 {
  "type": "ask",
  "price": 693,
  "amount": 0.03029823,
  "time": "23:13:36"
 }
][
 {
  "type": "ask",
  "price": 695.50536,
  "amount": 8.9909809,
  "time": "23:15:37"
 }
][
 {
  "type": "ask",
  "price": 695.50536,
  "amount": 2.86555319,
  "time": "23:17:8"
 }
][
 {
  "type": "ask",
  "price": 695.42081,
  "amount": 6.63944209,
  "time": "23:19:57"
 }
][
 {
  "type": "bid",
  "price": 697.52563,
  "amount": 0.104,
  "time": "23:20:52"
 }
][
 {
  "type": "ask",
  "price": 695.31282,
  "amount": 6.9102507,
  "time": "23:24:8"
 }
][
 {
  "type": "ask",
  "price": 695.58781,
  "amount": 5.28063331,
  "time": "23:25:40"
 }
][
 {
  "type": "ask",
  "price": 695.58781,
  "amount": 7.91240181,
  "time": "23:25:52"
 }
][
 {
  "type": "ask",
  "price": 695.58781,
  "amount": 1.36117535,
  "time": "23:26:24"
 }
][
 {
  "type": "ask",
  "price": 695.58781,
  "amount": 2.69153383,
  "time": "23:26:53"
 }
][
 {
  "type": "ask",
  "price": 695.58781,
  "amount": 4.15710343,
  "time": "23:27:40"
 }
][
 {
  "type": "bid",
  "price": 695.58781,
  "amount": 9.40418435,
  "time": "23:27:46"
 }
][
 {
  "type": "ask",
  "price": 695.58781,
  "amount": 2.52280519,
  "time": "23:29:31"
 }
][
 {
  "type": "ask",
  "price": 693.65,
  "amount": 0.081977,
  "time": "23:29:53"
 }
][
 {
  "type": "ask",
  "price": 693.1,
  "amount": 0.29072938,
  "time": "23:29:54"
 }
][
 {
  "type": "ask",
  "price": 693.1,
  "amount": 0.29188626,
  "time": "23:29:56"
 }
][
 {
  "type": "ask",
  "price": 693.1,
  "amount": 0.06025436,
  "time": "23:30:11"
 }
][
 {
  "type": "ask",
  "price": 693,
  "amount": 0.06970177,
  "time": "23:30:21"
 }
][
 {
  "type": "ask",
  "price": 692.76025,
  "amount": 0.13196033,
  "time": "23:30:28"
 }
][
 {
  "type": "ask",
  "price": 692.76025,
  "amount": 0.01837524,
  "time": "23:31:15"
 }
][
 {
  "type": "ask",
  "price": 691.97873,
  "amount": 0.24241715,
  "time": "23:31:20"
 },
 {
  "type": "ask",
  "price": 691.979,
  "amount": 0.1748086,
  "time": "23:31:19"
 },
 {
  "type": "ask",
  "price": 692.76025,
  "amount": 0.00044843,
  "time": "23:31:19"
 }
][
 {
  "type": "ask",
  "price": 691.97873,
  "amount": 0.11071458,
  "time": "23:32:34"
 }
][
 {
  "type": "ask",
  "price": 690.96425,
  "amount": 0.01917724,
  "time": "23:33:13"
 },
 {
  "type": "ask",
  "price": 691.97873,
  "amount": 0.01509696,
  "time": "23:33:13"
 }
][
 {
  "type": "ask",
  "price": 691.06425,
  "amount": 0.258887,
  "time": "23:34:54"
 }
][
 {
  "type": "ask",
  "price": 691.06425,
  "amount": 0.15041352,
  "time": "23:35:10"
 }
][
 {
  "type": "ask",
  "price": 691.06425,
  "amount": 0.17602235,
  "time": "23:36:14"
 }
][
 {
  "type": "ask",
  "price": 693.07853,
  "amount": 8.41539093,
  "time": "23:40:12"
 }
][
 {
  "type": "bid",
  "price": 693.07853,
  "amount": 5.90718452,
  "time": "23:40:52"
 }
][
 {
  "type": "ask",
  "price": 691.06425,
  "amount": 0.04654713,
  "time": "23:41:1"
 }
][
 {
  "type": "ask",
  "price": 690.96425,
  "amount": 0.08962816,
  "time": "23:43:0"
 }
][
 {
  "type": "ask",
  "price": 689.56525,
  "amount": 0.28741279,
  "time": "23:43:5"
 }
][
 {
  "type": "ask",
  "price": 689.65377,
  "amount": 0.0750642,
  "time": "23:43:20"
 }
][
 {
  "type": "bid",
  "price": 691.67985,
  "amount": 8.44365054,
  "time": "23:43:50"
 }
][
 {
  "type": "ask",
  "price": 689.56525,
  "amount": 0.08163921,
  "time": "23:43:51"
 }
][
 {
  "type": "ask",
  "price": 688.37721,
  "amount": 0.6278,
  "time": "23:44:1"
 }
][
 {
  "type": "ask",
  "price": 687.16019,
  "amount": 0.27731393,
  "time": "23:44:8"
 },
 {
  "type": "ask",
  "price": 688.27721,
  "amount": 0.0636859,
  "time": "23:44:8"
 }
][
 {
  "type": "bid",
  "price": 687.16019,
  "amount": 0.0711315,
  "time": "23:44:10"
 }
][
 {
  "type": "bid",
  "price": 687.16019,
  "amount": 0.2436798,
  "time": "23:44:11"
 }
][
 {
  "type": "bid",
  "price": 687.16019,
  "amount": 0.17060665,
  "time": "23:44:13"
 }
][
 {
  "type": "bid",
  "price": 687.16019,
  "amount": 0.17358222,
  "time": "23:44:14"
 }
][
 {
  "type": "bid",
  "price": 690.25259,
  "amount": 0.36737777,
  "time": "23:44:57"
 },
 {
  "type": "ask",
  "price": 687.1,
  "amount": 0.61639,
  "time": "23:44:56"
 }
][
 {
  "type": "ask",
  "price": 687,
  "amount": 0.0145,
  "time": "23:45:4"
 }
][
 {
  "type": "bid",
  "price": 685,
  "amount": 1.283877,
  "time": "23:45:8"
 },
 {
  "type": "bid",
  "price": 685,
  "amount": 1.0725,
  "time": "23:45:8"
 },
 {
  "type": "ask",
  "price": 685,
  "amount": 0.04,
  "time": "23:45:7"
 },
 {
  "type": "ask",
  "price": 685,
  "amount": 0.2,
  "time": "23:45:7"
 },
 {
  "type": "ask",
  "price": 685.305,
  "amount": 0.02,
  "time": "23:45:7"
 },
 {
  "type": "ask",
  "price": 685.34,
  "amount": 0.46403524,
  "time": "23:45:7"
 },
 {
  "type": "ask",
  "price": 686.90341,
  "amount": 0.0602095,
  "time": "23:45:7"
 }
][
 {
  "type": "bid",
  "price": 685,
  "amount": 0.15033592,
  "time": "23:45:10"
 },
 {
  "type": "ask",
  "price": 684.76352,
  "amount": 0.26996816,
  "time": "23:45:9"
 },
 {
  "type": "bid",
  "price": 685,
  "amount": 0.0466197,
  "time": "23:45:9"
 }
][
 {
  "type": "bid",
  "price": 685,
  "amount": 0.0658342,
  "time": "23:45:12"
 }
][
 {
  "type": "ask",
  "price": 684.76352,
  "amount": 0.37004075,
  "time": "23:45:16"
 },
 {
  "type": "bid",
  "price": 685,
  "amount": 0.37211528,
  "time": "23:45:15"
 },
 {
  "type": "bid",
  "price": 685,
  "amount": 0.0407493,
  "time": "23:45:15"
 }
][
 {
  "type": "bid",
  "price": 685,
  "amount": 1.50045686,
  "time": "23:45:17"
 },
 {
  "type": "bid",
  "price": 685,
  "amount": 2.104726,
  "time": "23:45:17"
 }
][
 {
  "type": "ask",
  "price": 685,
  "amount": 0.0407493,
  "time": "23:45:20"
 }
][
 {
  "type": "ask",
  "price": 684.30047,
  "amount": 0.0407493,
  "time": "23:45:48"
 }
][
 {
  "type": "ask",
  "price": 686.0728,
  "amount": 5.49977919,
  "time": "23:47:3"
 }
][
 {
  "type": "ask",
  "price": 680,
  "amount": 0.129,
  "time": "23:48:6"
 },
 {
  "type": "ask",
  "price": 680.63,
  "amount": 0.02895,
  "time": "23:48:6"
 },
 {
  "type": "ask",
  "price": 681.8819,
  "amount": 0.01,
  "time": "23:48:6"
 },
 {
  "type": "ask",
  "price": 682.254,
  "amount": 0.01529,
  "time": "23:48:6"
 },
 {
  "type": "ask",
  "price": 682.37521,
  "amount": 0.372829,
  "time": "23:48:6"
 },
 {
  "type": "ask",
  "price": 682.94888,
  "amount": 0.06268086,
  "time": "23:48:6"
 },
 {
  "type": "ask",
  "price": 683.74947,
  "amount": 0.06764,
  "time": "23:48:6"
 },
 {
  "type": "ask",
  "price": 684,
  "amount": 1.20926863,
  "time": "23:48:6"
 },
 {
  "type": "ask",
  "price": 684.30046,
  "amount": 0.0382183,
  "time": "23:48:6"
 }
][
 {
  "type": "bid",
  "price": 680,
  "amount": 0.44865249,
  "time": "23:48:7"
 },
 {
  "type": "bid",
  "price": 680,
  "amount": 0.43781873,
  "time": "23:48:7"
 }
][
 {
  "type": "ask",
  "price": 682.77351,
  "amount": 6.67184692,
  "time": "23:50:6"
 }
][
 {
  "type": "ask",
  "price": 682.77378,
  "amount": 5.63732474,
  "time": "23:51:16"
 }
][
 {
  "type": "ask",
  "price": 682.77389,
  "amount": 5.51896754,
  "time": "23:51:50"
 }
][
 {
  "type": "ask",
  "price": 682.51855,
  "amount": 0.038212,
  "time": "23:51:55"
 }
][
 {
  "type": "ask",
  "price": 682.7742,
  "amount": 1.14885348,
  "time": "23:53:1"
 }
][
 {
  "type": "ask",
  "price": 682.87451,
  "amount": 2.00608743,
  "time": "23:54:9"
 }
][
 {
  "type": "bid",
  "price": 685.44607,
  "amount": 0.07639165,
  "time": "23:55:38"
 },
 {
  "type": "ask",
  "price": 683.11309,
  "amount": 4.21196944,
  "time": "23:55:38"
 }
][
 {
  "type": "bid",
  "price": 685.44607,
  "amount": 0.29199438,
  "time": "23:56:12"
 }
][
 {
  "type": "ask",
  "price": 682.37522,
  "amount": 0.37035166,
  "time": "23:56:25"
 }
][
 {
  "type": "ask",
  "price": 682.37521,
  "amount": 0.37035166,
  "time": "23:56:30"
 }
][
 {
  "type": "bid",
  "price": 685.44607,
  "amount": 0.15308948,
  "time": "23:56:34"
 }
][
 {
  "type": "bid",
  "price": 685.44607,
  "amount": 0.21554766,
  "time": "23:57:3"
 }
][
 {
  "type": "ask",
  "price": 682.37521,
  "amount": 0.37034882,
  "time": "23:57:20"
 }
][
 {
  "type": "ask",
  "price": 680.78111,
  "amount": 1.04557826,
  "time": "23:57:22"
 }
][
 {
  "type": "bid",
  "price": 684.4394,
  "amount": 0.0381356,
  "time": "23:58:50"
 }
][
 {
  "type": "ask",
  "price": 679.99529,
  "amount": 10.0071251,
  "time": "23:59:4"
 },
 {
  "type": "ask",
  "price": 679.99538,
  "amount": 1.47059823,
  "time": "23:59:4"
 },
 {
  "type": "ask",
  "price": 680,
  "amount": 0.0214453,
  "time": "23:59:4"
 },
 {
  "type": "ask",
  "price": 680.1004,
  "amount": 0.61028,
  "time": "23:59:4"
 },
 {
  "type": "ask",
  "price": 680.10283,
  "amount": 0.05835832,
  "time": "23:59:4"
 },
 {
  "type": "ask",
  "price": 680.2026,
  "amount": 0.57342,
  "time": "23:59:4"
 },
 {
  "type": "ask",
  "price": 680.30293,
  "amount": 0.56187,
  "time": "23:59:4"
 },
 {
  "type": "ask",
  "price": 680.30294,
  "amount": 6.795,
  "time": "23:59:4"
 },
 {
  "type": "ask",
  "price": 680.4038,
  "amount": 0.5478,
  "time": "23:59:4"
 },
 {
  "type": "ask",
  "price": 680.40382,
  "amount": 0.01541498,
  "time": "23:59:4"
 }
][
 {
  "type": "ask",
  "price": 682.37992,
  "amount": 7.79145166,
  "time": "23:59:30"
 }
][
 {
  "type": "bid",
  "price": 684.76462,
  "amount": 0.07332437,
  "time": "0:1:38"
 }
][
 {
  "type": "ask",
  "price": 682.37992,
  "amount": 8.87098411,
  "time": "0:2:37"
 }
][
 {
  "type": "ask",
  "price": 679.99523,
  "amount": 0.01541498,
  "time": "0:3:53"
 }
][
 {
  "type": "bid",
  "price": 679.99523,
  "amount": 0.52967806,
  "time": "0:3:56"
 },
 {
  "type": "bid",
  "price": 679.99523,
  "amount": 0.20640096,
  "time": "0:3:56"
 }
][
 {
  "type": "ask",
  "price": 682.37992,
  "amount": 1.75157908,
  "time": "0:4:6"
 }
][
 {
  "type": "bid",
  "price": 684.76462,
  "amount": 0.10448063,
  "time": "0:7:3"
 }
][
 {
  "type": "bid",
  "price": 685.44607,
  "amount": 0.27426987,
  "time": "0:7:46"
 }
][
 {
  "type": "bid",
  "price": 685.44607,
  "amount": 0.05831701,
  "time": "0:7:53"
 }
][
 {
  "type": "ask",
  "price": 681.177,
  "amount": 0.18959057,
  "time": "0:8:14"
 }
][
 {
  "type": "ask",
  "price": 681.177,
  "amount": 0.13965424,
  "time": "0:8:51"
 }
][
 {
  "type": "ask",
  "price": 681.177,
  "amount": 0.11175519,
  "time": "0:9:2"
 }
][
 {
  "type": "ask",
  "price": 683.19726,
  "amount": 7.66006727,
  "time": "0:9:56"
 }
][
 {
  "type": "ask",
  "price": 680.94845,
  "amount": 0.0366239,
  "time": "0:10:46"
 }
][
 {
  "type": "ask",
  "price": 682.34567,
  "amount": 0.77155068,
  "time": "0:11:18"
 }
][
 {
  "type": "bid",
  "price": 684.69611,
  "amount": 0.04522328,
  "time": "0:11:40"
 }
][
 {
  "type": "ask",
  "price": 680.47122,
  "amount": 0.441,
  "time": "0:11:42"
 }
][
 {
  "type": "bid",
  "price": 684.69611,
  "amount": 0.0675143,
  "time": "0:11:50"
 }
][
 {
  "type": "bid",
  "price": 685.44607,
  "amount": 0.03589658,
  "time": "0:11:51"
 },
 {
  "type": "bid",
  "price": 684.69611,
  "amount": 0.03222422,
  "time": "0:11:51"
 }
][
 {
  "type": "ask",
  "price": 682.37521,
  "amount": 0.37051876,
  "time": "0:11:54"
 }
][
 {
  "type": "bid",
  "price": 685.44607,
  "amount": 0.04522521,
  "time": "0:13:47"
 },
 {
  "type": "bid",
  "price": 685.44607,
  "amount": 0.32398609,
  "time": "0:13:45"
 }
][
 {
  "type": "ask",
  "price": 683.64666,
  "amount": 7.43147688,
  "time": "0:13:48"
 }
][
 {
  "type": "ask",
  "price": 682.37521,
  "amount": 0.37051855,
  "time": "0:13:50"
 }
][
 {
  "type": "bid",
  "price": 685.44607,
  "amount": 0.03632169,
  "time": "0:13:54"
 }
][
 {
  "type": "bid",
  "price": 685.44607,
  "amount": 0.03286598,
  "time": "0:13:55"
 }
][
 {
  "type": "ask",
  "price": 683.37123,
  "amount": 3.76081668,
  "time": "0:15:18"
 }
][
 {
  "type": "bid",
  "price": 685.44607,
  "amount": 0.07396542,
  "time": "0:16:14"
 }
][
 {
  "type": "bid",
  "price": 685.44607,
  "amount": 0.2262117,
  "time": "0:16:21"
 }
][
 {
  "type": "ask",
  "price": 685.44607,
  "amount": 0.5180883,
  "time": "0:16:22"
 }
][
 {
  "type": "ask",
  "price": 682.37521,
  "amount": 0.37067185,
  "time": "0:16:24"
 }
][
 {
  "type": "ask",
  "price": 683.37123,
  "amount": 4.06934554,
  "time": "0:16:36"
 }
][
 {
  "type": "bid",
  "price": 685.44607,
  "amount": 0.17116265,
  "time": "0:17:22"
 }
][
 {
  "type": "bid",
  "price": 685.44607,
  "amount": 0.19820726,
  "time": "0:18:42"
 }
][
 {
  "type": "ask",
  "price": 682.37521,
  "amount": 0.37068129,
  "time": "0:18:45"
 }
][
 {
  "type": "ask",
  "price": 682.37521,
  "amount": 0.3706818,
  "time": "0:18:52"
 },
 {
  "type": "bid",
  "price": 685.44607,
  "amount": 0.36952659,
  "time": "0:18:50"
 }
][
 {
  "type": "bid",
  "price": 685.44607,
  "amount": 0.36952659,
  "time": "0:18:50"
 },
 {
  "type": "ask",
  "price": 682.37521,
  "amount": 0.37068129,
  "time": "0:18:45"
 },
 {
  "type": "bid",
  "price": 685.44607,
  "amount": 0.19820726,
  "time": "0:18:42"
 },
 {
  "type": "bid",
  "price": 685.44607,
  "amount": 0.17116265,
  "time": "0:17:22"
 },
 {
  "type": "ask",
  "price": 683.37123,
  "amount": 4.06934554,
  "time": "0:16:36"
 },
 {
  "type": "ask",
  "price": 682.37521,
  "amount": 0.37067185,
  "time": "0:16:24"
 },
 {
  "type": "ask",
  "price": 685.44607,
  "amount": 0.5180883,
  "time": "0:16:22"
 },
 {
  "type": "bid",
  "price": 685.44607,
  "amount": 0.2262117,
  "time": "0:16:21"
 },
 {
  "type": "bid",
  "price": 685.44607,
  "amount": 0.07396542,
  "time": "0:16:14"
 },
 {
  "type": "ask",
  "price": 683.37123,
  "amount": 3.76081668,
  "time": "0:15:18"
 }
][
 {
  "type": "ask",
  "price": 682.37521,
  "amount": 0.3706818,
  "time": "0:18:52"
 }
][
 {
  "type": "bid",
  "price": 685.99691,
  "amount": 0.14052,
  "time": "0:18:54"
 }
][
 {
  "type": "bid",
  "price": 685.44607,
  "amount": 0.18244085,
  "time": "0:18:57"
 },
 {
  "type": "ask",
  "price": 682.03877,
  "amount": 0.085788,
  "time": "0:18:57"
 }
][
 {
  "type": "bid",
  "price": 685.44607,
  "amount": 0.18708626,
  "time": "0:19:3"
 }
][
 {
  "type": "ask",
  "price": 682.37521,
  "amount": 0.37068281,
  "time": "0:19:9"
 },
 {
  "type": "ask",
  "price": 684.28877,
  "amount": 0.74431857,
  "time": "0:19:8"
 }
][
 {
  "type": "bid",
  "price": 685.44607,
  "amount": 0.07211747,
  "time": "0:19:16"
 }
][
 {
  "type": "bid",
  "price": 685.44607,
  "amount": 0.07363101,
  "time": "0:19:27"
 }
][
 {
  "type": "bid",
  "price": 685.44607,
  "amount": 0.22362588,
  "time": "0:20:5"
 }
][
 {
  "type": "ask",
  "price": 685.44607,
  "amount": 0.22362588,
  "time": "0:20:7"
 },
 {
  "type": "ask",
  "price": 685.44607,
  "amount": 0.01188623,
  "time": "0:20:7"
 },
 {
  "type": "ask",
  "price": 685.44607,
  "amount": 0.21173402,
  "time": "0:20:6"
 }
][
 {
  "type": "ask",
  "price": 682.37521,
  "amount": 0.20099439,
  "time": "0:20:11"
 },
 {
  "type": "ask",
  "price": 682.37521,
  "amount": 0.16969003,
  "time": "0:20:10"
 },
 {
  "type": "ask",
  "price": 685.44608,
  "amount": 0.20099439,
  "time": "0:20:10"
 },
 {
  "type": "ask",
  "price": 685.44608,
  "amount": 0.22362588,
  "time": "0:20:8"
 },
 {
  "type": "bid",
  "price": 685.44607,
  "amount": 0.1330115,
  "time": "0:20:7"
 }
][
 {
  "type": "bid",
  "price": 687.84513,
  "amount": 0.3679654,
  "time": "0:20:13"
 },
 {
  "type": "bid",
  "price": 686.20234,
  "amount": 0.1330115,
  "time": "0:20:12"
 }
][
 {
  "type": "bid",
  "price": 687.02625,
  "amount": 0.1243425,
  "time": "0:20:18"
 },
 {
  "type": "ask",
  "price": 682.2422,
  "amount": 0.0913673,
  "time": "0:20:16"
 }
][
 {
  "type": "ask",
  "price": 682.37521,
  "amount": 0.37099355,
  "time": "0:20:22"
 }
][
 {
  "type": "bid",
  "price": 685.44607,
  "amount": 0.16641012,
  "time": "0:20:36"
 }
][
 {
  "type": "bid",
  "price": 685.44607,
  "amount": 0.01450303,
  "time": "0:20:53"
 }
][
 {
  "type": "bid",
  "price": 685.99725,
  "amount": 0.05467814,
  "time": "0:21:13"
 },
 {
  "type": "bid",
  "price": 685.44607,
  "amount": 0.18846876,
  "time": "0:21:11"
 }
][
 {
  "type": "ask",
  "price": 682.37521,
  "amount": 0.37083969,
  "time": "0:21:16"
 }
][
 {
  "type": "bid",
  "price": 685.44607,
  "amount": 0.18846875,
  "time": "0:21:19"
 }
][
 {
  "type": "bid",
  "price": 685.44607,
  "amount": 0.15651001,
  "time": "0:21:21"
 }
][
 {
  "type": "ask",
  "price": 683.33322,
  "amount": 3.81461782,
  "time": "0:23:7"
 }
][
 {
  "type": "ask",
  "price": 683.33322,
  "amount": 4.79559309,
  "time": "0:23:12"
 }
][
 {
  "type": "ask",
  "price": 683.33322,
  "amount": 5.39592956,
  "time": "0:23:20"
 }
][
 {
  "type": "ask",
  "price": 683.33322,
  "amount": 5.38605607,
  "time": "0:23:34"
 }
][
 {
  "type": "ask",
  "price": 683.33322,
  "amount": 3.40278085,
  "time": "0:25:38"
 }
][
 {
  "type": "ask",
  "price": 683.33322,
  "amount": 6.04204744,
  "time": "0:26:17"
 }
][
 {
  "type": "ask",
  "price": 683.41128,
  "amount": 9.3789038,
  "time": "0:29:2"
 }
][
 {
  "type": "ask",
  "price": 683.41128,
  "amount": 4.37896741,
  "time": "0:29:15"
 }
][
 {
  "type": "bid",
  "price": 685.44607,
  "amount": 0.02439969,
  "time": "0:30:14"
 }
][
 {
  "type": "ask",
  "price": 682.37521,
  "amount": 0.37068587,
  "time": "0:30:27"
 },
 {
  "type": "bid",
  "price": 685.99725,
  "amount": 0.05,
  "time": "0:30:26"
 }
][
 {
  "type": "ask",
  "price": 683.33322,
  "amount": 9.60704509,
  "time": "0:31:10"
 }
][
 {
  "type": "ask",
  "price": 683.33322,
  "amount": 9.47531856,
  "time": "0:31:23"
 }
][
 {
  "type": "bid",
  "price": 685.44607,
  "amount": 0.02280512,
  "time": "0:31:33"
 }
][
 {
  "type": "bid",
  "price": 685.44607,
  "amount": 0.07259354,
  "time": "0:31:37"
 },
 {
  "type": "ask",
  "price": 683.33322,
  "amount": 7.52394746,
  "time": "0:31:34"
 }
][
 {
  "type": "ask",
  "price": 681.69722,
  "amount": 0.24146589,
  "time": "0:32:21"
 }
][
 {
  "type": "ask",
  "price": 683.57164,
  "amount": 7.24804486,
  "time": "0:32:22"
 }
][
 {
  "type": "ask",
  "price": 683.57164,
  "amount": 1.33946349,
  "time": "0:32:37"
 }
][
 {
  "type": "ask",
  "price": 685.44607,
  "amount": 1.04571516,
  "time": "0:34:35"
 },
 {
  "type": "bid",
  "price": 685.44607,
  "amount": 0.27428484,
  "time": "0:34:34"
 }
][
 {
  "type": "ask",
  "price": 682.37521,
  "amount": 0.37068532,
  "time": "0:34:39"
 }
][
 {
  "type": "bid",
  "price": 685.44607,
  "amount": 0.05785081,
  "time": "0:34:44"
 }
][
 {
  "type": "bid",
  "price": 685.44607,
  "amount": 0.31182743,
  "time": "0:34:45"
 }
][
 {
  "type": "ask",
  "price": 682.37521,
  "amount": 0.37068676,
  "time": "0:34:50"
 }
][
 {
  "type": "ask",
  "price": 683.62165,
  "amount": 8.16412815,
  "time": "0:34:57"
 },
 {
  "type": "bid",
  "price": 685.44607,
  "amount": 0.05622964,
  "time": "0:34:56"
 },
 {
  "type": "bid",
  "price": 685.44607,
  "amount": 0.05814739,
  "time": "0:34:55"
 }
][
 {
  "type": "ask",
  "price": 683.62164,
  "amount": 6.36513077,
  "time": "0:36:27"
 }
][
 {
  "type": "bid",
  "price": 685.44607,
  "amount": 0.2553051,
  "time": "0:36:52"
 }
][
 {
  "type": "ask",
  "price": 682.37521,
  "amount": 0.37084391,
  "time": "0:36:55"
 }
][
 {
  "type": "bid",
  "price": 685.44607,
  "amount": 0.36999035,
  "time": "0:36:59"
 }
][
 {
  "type": "ask",
  "price": 682.37521,
  "amount": 0.37084444,
  "time": "0:37:2"
 }
][
 {
  "type": "bid",
  "price": 685.44607,
  "amount": 0.36984088,
  "time": "0:37:7"
 }
][
 {
  "type": "ask",
  "price": 682.37521,
  "amount": 0.37099756,
  "time": "0:37:10"
 }
][
 {
  "type": "ask",
  "price": 682.37521,
  "amount": 0.370998,
  "time": "0:37:16"
 },
 {
  "type": "bid",
  "price": 685.44607,
  "amount": 0.36984135,
  "time": "0:37:13"
 }
][
 {
  "type": "bid",
  "price": 685.44607,
  "amount": 0.3698418,
  "time": "0:37:19"
 }
][
 {
  "type": "ask",
  "price": 682.37521,
  "amount": 0.37099846,
  "time": "0:37:21"
 }
][
 {
  "type": "bid",
  "price": 685.44607,
  "amount": 0.23822578,
  "time": "0:37:25"
 }
][
 {
  "type": "bid",
  "price": 685.44607,
  "amount": 0.1087327,
  "time": "0:37:57"
 }
][
 {
  "type": "ask",
  "price": 683.62164,
  "amount": 7.93879883,
  "time": "0:38:19"
 }
][
 {
  "type": "bid",
  "price": 685.44607,
  "amount": 0.02288377,
  "time": "0:39:14"
 }
][
 {
  "type": "ask",
  "price": 682.37521,
  "amount": 0.37113595,
  "time": "0:39:19"
 }
][
 {
  "type": "bid",
  "price": 685.44607,
  "amount": 0.36999333,
  "time": "0:39:23"
 }
][
 {
  "type": "ask",
  "price": 682.37521,
  "amount": 0.37113891,
  "time": "0:39:27"
 },
 {
  "type": "bid",
  "price": 687.84513,
  "amount": 0.03492604,
  "time": "0:39:26"
 },
 {
  "type": "bid",
  "price": 685.99725,
  "amount": 0.01507396,
  "time": "0:39:26"
 }
][
 {
  "type": "bid",
  "price": 685.44607,
  "amount": 0.36999378,
  "time": "0:39:31"
 }
][
 {
  "type": "bid",
  "price": 687.57461,
  "amount": 0.1342213,
  "time": "0:40:2"
 }
][
 {
  "type": "bid",
  "price": 687.84513,
  "amount": 0.33445548,
  "time": "0:40:13"
 }
][
 {
  "type": "bid",
  "price": 688.3316,
  "amount": 0.113394,
  "time": "0:40:14"
 }
][
 {
  "type": "ask",
  "price": 684.76352,
  "amount": 0.02605068,
  "time": "0:40:20"
 },
 {
  "type": "ask",
  "price": 684.76353,
  "amount": 0.34441006,
  "time": "0:40:20"
 }
][
 {
  "type": "ask",
  "price": 687.84513,
  "amount": 0.25530672,
  "time": "0:40:21"
 }
][
 {
  "type": "ask",
  "price": 684.76352,
  "amount": 0.34441006,
  "time": "0:40:24"
 },
 {
  "type": "ask",
  "price": 687.84513,
  "amount": 0.01297734,
  "time": "0:40:23"
 }
][
 {
  "type": "ask",
  "price": 686.20465,
  "amount": 3.19403842,
  "time": "0:40:30"
 }
][
 {
  "type": "bid",
  "price": 687.84513,
  "amount": 0.36970192,
  "time": "0:40:40"
 }
][
 {
  "type": "ask",
  "price": 684.76352,
  "amount": 0.37061434,
  "time": "0:40:44"
 }
][
 {
  "type": "bid",
  "price": 687.84513,
  "amount": 0.36985465,
  "time": "0:40:48"
 }
][
 {
  "type": "ask",
  "price": 684.76352,
  "amount": 0.3706179,
  "time": "0:40:50"
 }
][
 {
  "type": "bid",
  "price": 687.84513,
  "amount": 0.3698551,
  "time": "0:40:55"
 }
][
 {
  "type": "ask",
  "price": 684.76352,
  "amount": 0.37061834,
  "time": "0:40:57"
 }
][
 {
  "type": "bid",
  "price": 687.84513,
  "amount": 0.36985659,
  "time": "0:41:3"
 }
][
 {
  "type": "ask",
  "price": 684.76352,
  "amount": 0.37077251,
  "time": "0:41:6"
 }
][
 {
  "type": "bid",
  "price": 687.84513,
  "amount": 0.36954968,
  "time": "0:41:12"
 }
][
 {
  "type": "ask",
  "price": 684.76352,
  "amount": 0.37077285,
  "time": "0:41:14"
 }
][
 {
  "type": "bid",
  "price": 687.84513,
  "amount": 0.21658968,
  "time": "0:41:18"
 }
][
 {
  "type": "bid",
  "price": 687.84513,
  "amount": 0.0782991,
  "time": "0:41:19"
 }
][
 {
  "type": "ask",
  "price": 687.84513,
  "amount": 0.2742138,
  "time": "0:41:39"
 },
 {
  "type": "bid",
  "price": 687.84513,
  "amount": 0.07466173,
  "time": "0:41:37"
 }
][
 {
  "type": "bid",
  "price": 689.77675,
  "amount": 0.1005506,
  "time": "0:41:45"
 }
][
 {
  "type": "ask",
  "price": 687.84513,
  "amount": 0.28409586,
  "time": "0:41:51"
 }
][
 {
  "type": "ask",
  "price": 687.84513,
  "amount": 0.27563898,
  "time": "0:41:55"
 }
][
 {
  "type": "ask",
  "price": 687.84513,
  "amount": 0.14905055,
  "time": "0:42:7"
 },
 {
  "type": "ask",
  "price": 687.84513,
  "amount": 0.28961734,
  "time": "0:42:4"
 }
][
 {
  "type": "bid",
  "price": 689.97224,
  "amount": 0.06255549,
  "time": "0:42:16"
 }
][
 {
  "type": "bid",
  "price": 690.25259,
  "amount": 0.36781685,
  "time": "0:42:46"
 }
][
 {
  "type": "ask",
  "price": 689.43174,
  "amount": 1.01279315,
  "time": "0:45:24"
 }
][
 {
  "type": "bid",
  "price": 691.01834,
  "amount": 0.0779307,
  "time": "0:46:32"
 }
][
 {
  "type": "ask",
  "price": 689.9156,
  "amount": 7.85744242,
  "time": "0:47:1"
 }
][
 {
  "type": "bid",
  "price": 691.98607,
  "amount": 0.0376554,
  "time": "0:47:2"
 }
][
 {
  "type": "ask",
  "price": 690.2568,
  "amount": 1.81053443,
  "time": "0:47:6"
 }
][
 {
  "type": "bid",
  "price": 692.66847,
  "amount": 0.36722501,
  "time": "0:47:37"
 }
][
 {
  "type": "ask",
  "price": 689.56525,
  "amount": 0.23226881,
  "time": "0:48:20"
 }
][
 {
  "type": "ask",
  "price": 688.5599,
  "amount": 0.26309637,
  "time": "0:49:1"
 },
 {
  "type": "ask",
  "price": 689.56525,
  "amount": 0.13690363,
  "time": "0:49:1"
 }
][
 {
  "type": "ask",
  "price": 690.61418,
  "amount": 4.78070412,
  "time": "0:49:19"
 }
][
 {
  "type": "bid",
  "price": 692.66847,
  "amount": 0.1069462,
  "time": "0:49:30"
 }
][
 {
  "type": "bid",
  "price": 692.66847,
  "amount": 0.21357163,
  "time": "0:49:38"
 }
][
 {
  "type": "ask",
  "price": 690.39927,
  "amount": 8.24880296,
  "time": "0:50:28"
 }
][
 {
  "type": "ask",
  "price": 687.84513,
  "amount": 0.00472174,
  "time": "0:50:42"
 },
 {
  "type": "ask",
  "price": 688.13007,
  "amount": 0.1699588,
  "time": "0:50:42"
 }
][
 {
  "type": "bid",
  "price": 687.1602,
  "amount": 0.13016122,
  "time": "0:50:43"
 },
 {
  "type": "bid",
  "price": 687.1602,
  "amount": 0.32015824,
  "time": "0:50:43"
 }
][
 {
  "type": "ask",
  "price": 687.94352,
  "amount": 0.02,
  "time": "0:51:35"
 }
][
 {
  "type": "ask",
  "price": 690.03374,
  "amount": 4.06675814,
  "time": "0:51:35"
 }
][
 {
  "type": "bid",
  "price": 692.12397,
  "amount": 0.0162584,
  "time": "0:51:44"
 }
][
 {
  "type": "ask",
  "price": 692.12397,
  "amount": 0.4837416,
  "time": "0:51:45"
 }
][
 {
  "type": "ask",
  "price": 690.39914,
  "amount": 7.51091055,
  "time": "0:51:57"
 }
][
 {
  "type": "ask",
  "price": 690.44915,
  "amount": 3.84169449,
  "time": "0:52:27"
 }
][
 {
  "type": "ask",
  "price": 690.69003,
  "amount": 2.04853991,
  "time": "0:54:16"
 }
][
 {
  "type": "bid",
  "price": 692.66847,
  "amount": 0.0447721,
  "time": "0:54:37"
 }
][
 {
  "type": "bid",
  "price": 693.09325,
  "amount": 0.03564001,
  "time": "0:55:11"
 },
 {
  "type": "bid",
  "price": 692.66847,
  "amount": 0.00372472,
  "time": "0:55:11"
 }
][
 {
  "type": "bid",
  "price": 693.09325,
  "amount": 0.01179139,
  "time": "0:55:16"
 }
][
 {
  "type": "bid",
  "price": 694.89478,
  "amount": 0.040626,
  "time": "0:55:47"
 }
][
 {
  "type": "ask",
  "price": 692.88543,
  "amount": 5.76060074,
  "time": "0:56:4"
 }
][
 {
  "type": "bid",
  "price": 695.09281,
  "amount": 0.36691445,
  "time": "0:56:17"
 }
][
 {
  "type": "bid",
  "price": 695.52126,
  "amount": 0.0417401,
  "time": "0:56:49"
 }
][
 {
  "type": "ask",
  "price": 694.31987,
  "amount": 8.83620762,
  "time": "0:57:10"
 }
][
 {
  "type": "bid",
  "price": 694.31986,
  "amount": 8.81396361,
  "time": "0:58:19"
 }
][
 {
  "type": "bid",
  "price": 694.31986,
  "amount": 2.22749498,
  "time": "0:58:58"
 }
][
 {
  "type": "ask",
  "price": 691.97873,
  "amount": 0.21343434,
  "time": "0:59:7"
 }
][
 {
  "type": "ask",
  "price": 691.97873,
  "amount": 0.15654461,
  "time": "0:59:10"
 }
][
 {
  "type": "bid",
  "price": 695.09281,
  "amount": 0.01011151,
  "time": "0:59:34"
 }
][
 {
  "type": "ask",
  "price": 693.54641,
  "amount": 8.90819362,
  "time": "0:59:45"
 }
][
 {
  "type": "ask",
  "price": 693.54641,
  "amount": 7.94412629,
  "time": "1:0:1"
 }
][
 {
  "type": "bid",
  "price": 693.54641,
  "amount": 8.93009272,
  "time": "1:0:22"
 }
][
 {
  "type": "ask",
  "price": 693.54641,
  "amount": 5.18928274,
  "time": "1:0:35"
 }
][
 {
  "type": "ask",
  "price": 693.54641,
  "amount": 3.03589778,
  "time": "1:1:15"
 }
][
 {
  "type": "ask",
  "price": 693.54641,
  "amount": 3.21285077,
  "time": "1:1:36"
 }
][
 {
  "type": "ask",
  "price": 693.54641,
  "amount": 1.84836358,
  "time": "1:2:42"
 }
][
 {
  "type": "ask",
  "price": 693.54641,
  "amount": 9.06370356,
  "time": "1:3:48"
 }
][
 {
  "type": "ask",
  "price": 693.54641,
  "amount": 6.69545539,
  "time": "1:4:34"
 }
][
 {
  "type": "bid",
  "price": 695.09281,
  "amount": 0.0810744,
  "time": "1:4:49"
 }
][
 {
  "type": "bid",
  "price": 695.09281,
  "amount": 0.07640002,
  "time": "1:5:14"
 }
][
 {
  "type": "bid",
  "price": 695.09281,
  "amount": 0.14616286,
  "time": "1:5:19"
 },
 {
  "type": "bid",
  "price": 695.09281,
  "amount": 0.0552054,
  "time": "1:5:18"
 }
][
 {
  "type": "bid",
  "price": 696.661,
  "amount": 0.03397455,
  "time": "1:5:52"
 }
][
 {
  "type": "ask",
  "price": 694.3305,
  "amount": 5.45608228,
  "time": "1:5:57"
 }
][
 {
  "type": "ask",
  "price": 694.3305,
  "amount": 6.47076712,
  "time": "1:6:16"
 }
][
 {
  "type": "bid",
  "price": 696.78336,
  "amount": 0.13435076,
  "time": "1:6:35"
 },
 {
  "type": "bid",
  "price": 696.661,
  "amount": 0.00594545,
  "time": "1:6:35"
 }
][
 {
  "type": "ask",
  "price": 696.783,
  "amount": 0.01174807,
  "time": "1:7:11"
 }
][
 {
  "type": "bid",
  "price": 696.9375,
  "amount": 8.80546601,
  "time": "1:7:47"
 }
][
 {
  "type": "ask",
  "price": 694.546,
  "amount": 6.02066662,
  "time": "1:8:56"
 }
][
 {
  "type": "bid",
  "price": 697.092,
  "amount": 0.01372933,
  "time": "1:9:6"
 }
][
 {
  "type": "bid",
  "price": 695.819,
  "amount": 4.46645614,
  "time": "1:10:50"
 }
][
 {
  "type": "bid",
  "price": 697.092,
  "amount": 0.05,
  "time": "1:10:52"
 },
 {
  "type": "bid",
  "price": 697.092,
  "amount": 0.03627067,
  "time": "1:10:52"
 }
][
 {
  "type": "bid",
  "price": 697.12052,
  "amount": 0.0449629,
  "time": "1:10:53"
 }
][
 {
  "type": "bid",
  "price": 696.8,
  "amount": 0.60078896,
  "time": "1:11:7"
 }
][
 {
  "type": "bid",
  "price": 696.8,
  "amount": 0.14771811,
  "time": "1:11:10"
 },
 {
  "type": "bid",
  "price": 696.8,
  "amount": 0.60078896,
  "time": "1:11:9"
 }
][
 {
  "type": "bid",
  "price": 697.52563,
  "amount": 0.04089552,
  "time": "1:11:18"
 },
 {
  "type": "ask",
  "price": 694.546,
  "amount": 0.011725,
  "time": "1:11:18"
 }
][
 {
  "type": "bid",
  "price": 695.27725,
  "amount": 7.04120481,
  "time": "1:11:28"
 }
][
 {
  "type": "bid",
  "price": 697.52563,
  "amount": 0.01789536,
  "time": "1:11:46"
 }
][
 {
  "type": "ask",
  "price": 695.27725,
  "amount": 1.6820712,
  "time": "1:12:10"
 },
 {
  "type": "bid",
  "price": 697.52563,
  "amount": 0.023426,
  "time": "1:12:9"
 }
][
 {
  "type": "bid",
  "price": 695.27725,
  "amount": 7.71716621,
  "time": "1:12:53"
 }
][
 {
  "type": "ask",
  "price": 695.27725,
  "amount": 5.3807458,
  "time": "1:12:56"
 }
][
 {
  "type": "bid",
  "price": 696.40132,
  "amount": 6.96841275,
  "time": "1:13:54"
 }
][
 {
  "type": "ask",
  "price": 695.277,
  "amount": 0.023426,
  "time": "1:15:0"
 }
][
 {
  "type": "ask",
  "price": 693.02888,
  "amount": 0.1514092,
  "time": "1:15:36"
 }
][
 {
  "type": "bid",
  "price": 697.12093,
  "amount": 0.0818776,
  "time": "1:15:49"
 }
][
 {
  "type": "ask",
  "price": 693.23632,
  "amount": 0.1294075,
  "time": "1:15:53"
 }
][
 {
  "type": "ask",
  "price": 694.69438,
  "amount": 9.15344185,
  "time": "1:16:30"
 }
][
 {
  "type": "ask",
  "price": 694.69438,
  "amount": 4.37568611,
  "time": "1:17:28"
 }
][
 {
  "type": "bid",
  "price": 697.25999,
  "amount": 0.0904432,
  "time": "1:17:33"
 }
][
 {
  "type": "bid",
  "price": 694.8272,
  "amount": 9.50880624,
  "time": "1:17:37"
 }
][
 {
  "type": "ask",
  "price": 693.30525,
  "amount": 0.1386192,
  "time": "1:17:41"
 }
][
 {
  "type": "ask",
  "price": 692.33583,
  "amount": 0.1260965,
  "time": "1:17:53"
 }
][
 {
  "type": "ask",
  "price": 694.07281,
  "amount": 4.06775137,
  "time": "1:19:22"
 }
][
 {
  "type": "ask",
  "price": 694.07281,
  "amount": 9.38877937,
  "time": "1:19:49"
 }
][
 {
  "type": "ask",
  "price": 694.31501,
  "amount": 4.88803248,
  "time": "1:20:17"
 }
][
 {
  "type": "ask",
  "price": 694.31501,
  "amount": 5.8947951,
  "time": "1:20:22"
 }
][
 {
  "type": "bid",
  "price": 696.14561,
  "amount": 0.0937782,
  "time": "1:20:33"
 }
][
 {
  "type": "ask",
  "price": 694.31501,
  "amount": 5.42882198,
  "time": "1:20:53"
 }
][
 {
  "type": "ask",
  "price": 694.31501,
  "amount": 6.39529176,
  "time": "1:21:31"
 }
][
 {
  "type": "ask",
  "price": 694.31501,
  "amount": 9.30643262,
  "time": "1:21:48"
 }
][
 {
  "type": "ask",
  "price": 694.31501,
  "amount": 4.0041699,
  "time": "1:22:36"
 }
][
 {
  "type": "ask",
  "price": 694.31501,
  "amount": 6.68706263,
  "time": "1:23:23"
 }
][
 {
  "type": "ask",
  "price": 694.31501,
  "amount": 0.74779003,
  "time": "1:26:21"
 }
][
 {
  "type": "ask",
  "price": 694.31501,
  "amount": 6.55573988,
  "time": "1:32:28"
 }
][
 {
  "type": "ask",
  "price": 694.67414,
  "amount": 5.53984341,
  "time": "1:34:11"
 }
][
 {
  "type": "ask",
  "price": 694.11921,
  "amount": 0.95890549,
  "time": "1:36:51"
 }
][
 {
  "type": "ask",
  "price": 694.3416,
  "amount": 6.57902096,
  "time": "1:38:17"
 }
][
 {
  "type": "ask",
  "price": 695.24281,
  "amount": 6.85259706,
  "time": "1:39:38"
 }
][
 {
  "type": "bid",
  "price": 696.14561,
  "amount": 0.0019623,
  "time": "1:47:12"
 }
][
 {
  "type": "bid",
  "price": 696.91224,
  "amount": 0.00482871,
  "time": "1:47:18"
 },
 {
  "type": "bid",
  "price": 696.91224,
  "amount": 0.09526589,
  "time": "1:47:17"
 }
][
 {
  "type": "bid",
  "price": 698.29917,
  "amount": 2.99400003,
  "time": "1:48:6"
 },
 {
  "type": "bid",
  "price": 697.65,
  "amount": 0.028588,
  "time": "1:48:6"
 },
 {
  "type": "bid",
  "price": 697.52563,
  "amount": 0.02931052,
  "time": "1:48:6"
 },
 {
  "type": "bid",
  "price": 697.52563,
  "amount": 0.18166827,
  "time": "1:48:6"
 }
][
 {
  "type": "ask",
  "price": 698.29917,
  "amount": 0.67829443,
  "time": "1:48:8"
 },
 {
  "type": "ask",
  "price": 698.29917,
  "amount": 0.01848729,
  "time": "1:48:8"
 },
 {
  "type": "bid",
  "price": 698.72369,
  "amount": 0.0962148,
  "time": "1:48:7"
 }
][
 {
  "type": "bid",
  "price": 699.35363,
  "amount": 0.088244,
  "time": "1:48:38"
 }
][
 {
  "type": "ask",
  "price": 699.35363,
  "amount": 0.85762528,
  "time": "1:48:41"
 },
 {
  "type": "ask",
  "price": 699.35363,
  "amount": 0.09220333,
  "time": "1:48:41"
 },
 {
  "type": "ask",
  "price": 699.35363,
  "amount": 0.03943785,
  "time": "1:48:39"
 }
][
 {
  "type": "bid",
  "price": 699.09459,
  "amount": 2.83295703,
  "time": "1:49:3"
 }
][
 {
  "type": "bid",
  "price": 699.09459,
  "amount": 4.14565428,
  "time": "1:53:12"
 }
][
 {
  "type": "ask",
  "price": 699.09459,
  "amount": 6.59668135,
  "time": "1:56:51"
 }
][
 {
  "type": "ask",
  "price": 699.09459,
  "amount": 4.45209828,
  "time": "1:57:5"
 }
][
 {
  "type": "bid",
  "price": 699.09459,
  "amount": 3.32537671,
  "time": "1:58:6"
 }
][
 {
  "type": "ask",
  "price": 698.29917,
  "amount": 7.644395,
  "time": "1:58:23"
 }
][
 {
  "type": "bid",
  "price": 699.09458,
  "amount": 2.17442877,
  "time": "1:58:28"
 }
][
 {
  "type": "ask",
  "price": 695.52629,
  "amount": 0.07217285,
  "time": "1:59:33"
 },
 {
  "type": "ask",
  "price": 698.29917,
  "amount": 5e-8,
  "time": "1:59:33"
 }
][
 {
  "type": "bid",
  "price": 697.70812,
  "amount": 5.33511398,
  "time": "1:59:42"
 }
][
 {
  "type": "bid",
  "price": 697.70698,
  "amount": 8.57183127,
  "time": "2:0:34"
 }
][
 {
  "type": "ask",
  "price": 695.62629,
  "amount": 0.42104,
  "time": "2:1:14"
 }
][
 {
  "type": "ask",
  "price": 697.70715,
  "amount": 8.39328133,
  "time": "2:2:30"
 }
][
 {
  "type": "bid",
  "price": 699,
  "amount": 0.0385173,
  "time": "2:3:3"
 }
][
 {
  "type": "ask",
  "price": 695.52629,
  "amount": 0.06404935,
  "time": "2:3:20"
 }
][
 {
  "type": "ask",
  "price": 694.62262,
  "amount": 0.0796368,
  "time": "2:3:27"
 }
][
 {
  "type": "bid",
  "price": 696.4927,
  "amount": 6.3003528,
  "time": "2:4:20"
 }
][
 {
  "type": "bid",
  "price": 698.58474,
  "amount": 0.1307127,
  "time": "2:5:25"
 },
 {
  "type": "ask",
  "price": 694.40066,
  "amount": 0.37030471,
  "time": "2:5:25"
 }
][
 {
  "type": "ask",
  "price": 694.62289,
  "amount": 0.0680251,
  "time": "2:5:38"
 }
][
 {
  "type": "bid",
  "price": 695.93282,
  "amount": 8.00081333,
  "time": "2:7:37"
 }
][
 {
  "type": "bid",
  "price": 695.93282,
  "amount": 6.46426476,
  "time": "2:8:17"
 }
][
 {
  "type": "bid",
  "price": 695.93282,
  "amount": 6.7222146,
  "time": "2:8:28"
 }
][
 {
  "type": "bid",
  "price": 695.93282,
  "amount": 6.10075267,
  "time": "2:8:58"
 }
][
 {
  "type": "ask",
  "price": 695.93282,
  "amount": 5.25211366,
  "time": "2:9:19"
 }
][
 {
  "type": "ask",
  "price": 695.93282,
  "amount": 4.59638053,
  "time": "2:9:42"
 }
][
 {
  "type": "bid",
  "price": 695.23758,
  "amount": 0.02965058,
  "time": "2:10:4"
 }
][
 {
  "type": "bid",
  "price": 695.93282,
  "amount": 6.07254166,
  "time": "2:12:16"
 }
][
 {
  "type": "bid",
  "price": 695.93282,
  "amount": 3.0218225,
  "time": "2:13:19"
 }
][
 {
  "type": "bid",
  "price": 695.93282,
  "amount": 2.21284686,
  "time": "2:21:3"
 }
][
 {
  "type": "ask",
  "price": 695.93282,
  "amount": 5.86446221,
  "time": "2:23:41"
 }
][
 {
  "type": "ask",
  "price": 695.93282,
  "amount": 6.37607357,
  "time": "2:24:4"
 }
][
 {
  "type": "ask",
  "price": 695.93282,
  "amount": 6.78119591,
  "time": "2:26:52"
 }
][
 {
  "type": "bid",
  "price": 697.52563,
  "amount": 0.36855133,
  "time": "2:27:32"
 }
][
 {
  "type": "bid",
  "price": 698.72422,
  "amount": 0.1445032,
  "time": "2:27:38"
 }
][
 {
  "type": "bid",
  "price": 697.32586,
  "amount": 6.72525254,
  "time": "2:28:0"
 }
][
 {
  "type": "bid",
  "price": 697.32586,
  "amount": 1.97463404,
  "time": "2:28:23"
 }
][
 {
  "type": "bid",
  "price": 697.32586,
  "amount": 1.22678803,
  "time": "2:28:55"
 }
][
 {
  "type": "bid",
  "price": 697.32586,
  "amount": 1.58655861,
  "time": "2:30:53"
 }
][
 {
  "type": "bid",
  "price": 697.32587,
  "amount": 3.21641814,
  "time": "2:31:3"
 }
][
 {
  "type": "bid",
  "price": 697.32586,
  "amount": 2.77290654,
  "time": "2:35:42"
 }
][
 {
  "type": "bid",
  "price": 697.32586,
  "amount": 1.79985831,
  "time": "2:36:50"
 }
][
 {
  "type": "bid",
  "price": 697.32586,
  "amount": 5.72258521,
  "time": "2:40:17"
 }
][
 {
  "type": "ask",
  "price": 697.32586,
  "amount": 7.97325935,
  "time": "2:41:41"
 }
][
 {
  "type": "bid",
  "price": 697.32586,
  "amount": 7.06682166,
  "time": "2:42:4"
 }
][
 {
  "type": "bid",
  "price": 697.32586,
  "amount": 8.40224581,
  "time": "2:42:22"
 }
][
 {
  "type": "ask",
  "price": 697.32586,
  "amount": 5.50107467,
  "time": "2:43:8"
 }
][
 {
  "type": "bid",
  "price": 697.32586,
  "amount": 3.38523191,
  "time": "2:44:5"
 }
][
 {
  "type": "ask",
  "price": 697.32586,
  "amount": 5.99409472,
  "time": "2:44:36"
 }
][
 {
  "type": "bid",
  "price": 697.32586,
  "amount": 3.01907886,
  "time": "2:47:19"
 }
][
 {
  "type": "ask",
  "price": 697.32586,
  "amount": 4.62280421,
  "time": "2:49:32"
 }
][
 {
  "type": "bid",
  "price": 697.32586,
  "amount": 0.06860139,
  "time": "2:49:33"
 }
][
 {
  "type": "ask",
  "price": 697.32586,
  "amount": 1.74935351,
  "time": "2:49:35"
 }
][
 {
  "type": "ask",
  "price": 697.32586,
  "amount": 6.65028237,
  "time": "2:49:58"
 }
][
 {
  "type": "ask",
  "price": 694.76172,
  "amount": 0.03657489,
  "time": "2:50:56"
 }
][
 {
  "type": "ask",
  "price": 697.32586,
  "amount": 8.50014474,
  "time": "2:51:35"
 }
][
 {
  "type": "ask",
  "price": 697.32586,
  "amount": 0.98052881,
  "time": "2:52:31"
 }
][
 {
  "type": "ask",
  "price": 696.86599,
  "amount": 0.023,
  "time": "2:52:48"
 }
][
 {
  "type": "ask",
  "price": 698.378,
  "amount": 2.45921142,
  "time": "2:52:56"
 }
][
 {
  "type": "bid",
  "price": 698.378,
  "amount": 0.04049035,
  "time": "2:52:58"
 }
][
 {
  "type": "bid",
  "price": 699.89,
  "amount": 0.18195041,
  "time": "2:53:27"
 },
 {
  "type": "bid",
  "price": 699.89,
  "amount": 0.081977,
  "time": "2:53:27"
 }
][
 {
  "type": "bid",
  "price": 699.89,
  "amount": 0.1,
  "time": "2:53:30"
 }
][
 {
  "type": "bid",
  "price": 699.89,
  "amount": 0.0142894,
  "time": "2:53:54"
 }
][
 {
  "type": "bid",
  "price": 699.89,
  "amount": 10.08296019,
  "time": "2:53:57"
 }
][
 {
  "type": "bid",
  "price": 699.96697,
  "amount": 0.22058591,
  "time": "2:54:20"
 }
][
 {
  "type": "bid",
  "price": 699.99,
  "amount": 0.0411176,
  "time": "2:54:23"
 }
][
 {
  "type": "bid",
  "price": 700,
  "amount": 0.99800001,
  "time": "2:55:3"
 },
 {
  "type": "bid",
  "price": 700,
  "amount": 0.19325373,
  "time": "2:55:3"
 },
 {
  "type": "bid",
  "price": 700,
  "amount": 0.015,
  "time": "2:55:3"
 },
 {
  "type": "bid",
  "price": 700,
  "amount": 0.01,
  "time": "2:55:3"
 },
 {
  "type": "bid",
  "price": 700,
  "amount": 0.01,
  "time": "2:55:3"
 },
 {
  "type": "bid",
  "price": 700,
  "amount": 0.0111636,
  "time": "2:55:3"
 },
 {
  "type": "bid",
  "price": 700,
  "amount": 0.5,
  "time": "2:55:3"
 },
 {
  "type": "bid",
  "price": 700,
  "amount": 0.1,
  "time": "2:55:3"
 },
 {
  "type": "bid",
  "price": 700,
  "amount": 0.01,
  "time": "2:55:3"
 },
 {
  "type": "bid",
  "price": 700,
  "amount": 0.1,
  "time": "2:55:3"
 }
][
 {
  "type": "bid",
  "price": 700.33093,
  "amount": 0.1,
  "time": "2:55:14"
 }
][
 {
  "type": "bid",
  "price": 700.33093,
  "amount": 0.0195523,
  "time": "2:55:32"
 }
][
 {
  "type": "bid",
  "price": 700.33093,
  "amount": 0.0804477,
  "time": "2:55:35"
 },
 {
  "type": "ask",
  "price": 700.33093,
  "amount": 0.0804477,
  "time": "2:55:33"
 }
][
 {
  "type": "ask",
  "price": 699.00553,
  "amount": 6.14766241,
  "time": "2:55:47"
 }
][
 {
  "type": "ask",
  "price": 699.17835,
  "amount": 4.41690593,
  "time": "2:55:52"
 },
 {
  "type": "bid",
  "price": 701.52563,
  "amount": 0.13894348,
  "time": "2:55:51"
 },
 {
  "type": "bid",
  "price": 701.39,
  "amount": 0.162583,
  "time": "2:55:51"
 },
 {
  "type": "bid",
  "price": 701.181,
  "amount": 0.045528,
  "time": "2:55:51"
 },
 {
  "type": "bid",
  "price": 701.18,
  "amount": 0.03564101,
  "time": "2:55:51"
 }
][
 {
  "type": "ask",
  "price": 699.76705,
  "amount": 8.14046326,
  "time": "2:56:54"
 }
][
 {
  "type": "bid",
  "price": 701.52563,
  "amount": 0.39115,
  "time": "2:57:25"
 }
][
 {
  "type": "bid",
  "price": 701.52563,
  "amount": 0.65635652,
  "time": "2:57:30"
 },
 {
  "type": "bid",
  "price": 701.52563,
  "amount": 0.31055,
  "time": "2:57:29"
 }
][
 {
  "type": "bid",
  "price": 703,
  "amount": 0.20945042,
  "time": "2:57:30"
 },
 {
  "type": "bid",
  "price": 702.41686,
  "amount": 0.37582856,
  "time": "2:57:30"
 },
 {
  "type": "bid",
  "price": 702,
  "amount": 0.03992,
  "time": "2:57:30"
 },
 {
  "type": "bid",
  "price": 701.749,
  "amount": 0.070184,
  "time": "2:57:30"
 },
 {
  "type": "bid",
  "price": 701.73159,
  "amount": 0.0669145,
  "time": "2:57:30"
 }
][
 {
  "type": "ask",
  "price": 699.26997,
  "amount": 0.07861254,
  "time": "2:57:49"
 }
][
 {
  "type": "ask",
  "price": 699.26997,
  "amount": 0.0144855,
  "time": "2:57:54"
 }
][
 {
  "type": "ask",
  "price": 700.81743,
  "amount": 0.0183996,
  "time": "2:57:56"
 }
][
 {
  "type": "ask",
  "price": 700.817,
  "amount": 0.02,
  "time": "2:58:10"
 }
][
 {
  "type": "ask",
  "price": 701.19243,
  "amount": 5.02412927,
  "time": "2:58:21"
 }
][
 {
  "type": "bid",
  "price": 701.19243,
  "amount": 0.0250909,
  "time": "2:58:54"
 },
 {
  "type": "ask",
  "price": 701.19243,
  "amount": 2.42152412,
  "time": "2:58:53"
 }
][
 {
  "type": "bid",
  "price": 702.99486,
  "amount": 0.039471,
  "time": "2:59:14"
 }
][
 {
  "type": "ask",
  "price": 702.99486,
  "amount": 0.02396559,
  "time": "2:59:16"
 }
][
 {
  "type": "ask",
  "price": 702.99486,
  "amount": 0.03656341,
  "time": "2:59:18"
 }
][
 {
  "type": "ask",
  "price": 701.195,
  "amount": 5.40843649,
  "time": "2:59:23"
 }
][
 {
  "type": "bid",
  "price": 703,
  "amount": 0.00945042,
  "time": "2:59:31"
 },
 {
  "type": "bid",
  "price": 703,
  "amount": 0.09054958,
  "time": "2:59:31"
 }
][
 {
  "type": "bid",
  "price": 703,
  "amount": 0.01996,
  "time": "3:0:8"
 }
][
 {
  "type": "ask",
  "price": 701.195,
  "amount": 4.07679093,
  "time": "3:0:14"
 }
][
 {
  "type": "bid",
  "price": 703,
  "amount": 0.19058958,
  "time": "3:0:27"
 }
][
 {
  "type": "bid",
  "price": 703.26,
  "amount": 0.057675,
  "time": "3:0:28"
 }
][
 {
  "type": "bid",
  "price": 704.47101,
  "amount": 0.0362747,
  "time": "3:0:30"
 }
][
 {
  "type": "ask",
  "price": 704.47101,
  "amount": 0.02749351,
  "time": "3:0:31"
 }
][
 {
  "type": "ask",
  "price": 704.47101,
  "amount": 0.023,
  "time": "3:0:35"
 }
][
 {
  "type": "ask",
  "price": 704.47101,
  "amount": 0.01323179,
  "time": "3:0:36"
 }
][
 {
  "type": "ask",
  "price": 704.471,
  "amount": 0.01996,
  "time": "3:1:8"
 }
][
 {
  "type": "bid",
  "price": 704.87532,
  "amount": 0.1,
  "time": "3:1:14"
 }
][
 {
  "type": "ask",
  "price": 702.57069,
  "amount": 7.27118714,
  "time": "3:1:15"
 }
][
 {
  "type": "bid",
  "price": 704.87532,
  "amount": 0.1,
  "time": "3:1:24"
 }
][
 {
  "type": "bid",
  "price": 704.87532,
  "amount": 0.17452206,
  "time": "3:1:27"
 }
][
 {
  "type": "bid",
  "price": 706.443,
  "amount": 0.01996,
  "time": "3:1:31"
 },
 {
  "type": "bid",
  "price": 705.31705,
  "amount": 0.023546,
  "time": "3:1:29"
 }
][
 {
  "type": "bid",
  "price": 707,
  "amount": 0.01,
  "time": "3:1:33"
 }
][
 {
  "type": "ask",
  "price": 707,
  "amount": 0.01992,
  "time": "3:2:9"
 }
][
 {
  "type": "bid",
  "price": 707.34238,
  "amount": 0.1,
  "time": "3:3:6"
 }
][
 {
  "type": "ask",
  "price": 707,
  "amount": 0.0398,
  "time": "3:3:8"
 }
][
 {
  "type": "ask",
  "price": 705.0697,
  "amount": 1.92284201,
  "time": "3:3:9"
 }
][
 {
  "type": "bid",
  "price": 708,
  "amount": 0.99540339,
  "time": "3:4:0"
 },
 {
  "type": "bid",
  "price": 707.34238,
  "amount": 0.27351534,
  "time": "3:4:0"
 },
 {
  "type": "bid",
  "price": 707,
  "amount": 0.22372127,
  "time": "3:4:0"
 }
][
 {
  "type": "ask",
  "price": 708,
  "amount": 0.30073389,
  "time": "3:4:19"
 },
 {
  "type": "bid",
  "price": 708,
  "amount": 0.69926611,
  "time": "3:4:18"
 }
][
 {
  "type": "ask",
  "price": 706.33672,
  "amount": 8.16195282,
  "time": "3:5:23"
 }
][
 {
  "type": "ask",
  "price": 706.48672,
  "amount": 2.01373659,
  "time": "3:6:53"
 }
][
 {
  "type": "ask",
  "price": 706.48672,
  "amount": 2.48781476,
  "time": "3:7:7"
 }
][
 {
  "type": "bid",
  "price": 706.48672,
  "amount": 0.01800642,
  "time": "3:7:9"
 }
][
 {
  "type": "bid",
  "price": 707,
  "amount": 0.1,
  "time": "3:7:16"
 }
][
 {
  "type": "ask",
  "price": 706.52022,
  "amount": 7.75744,
  "time": "3:7:47"
 }
][
 {
  "type": "ask",
  "price": 706.52022,
  "amount": 4.97890706,
  "time": "3:8:14"
 }
][
 {
  "type": "bid",
  "price": 710,
  "amount": 0.73175489,
  "time": "3:8:19"
 },
 {
  "type": "bid",
  "price": 709.83246,
  "amount": 0.0249619,
  "time": "3:8:19"
 },
 {
  "type": "bid",
  "price": 709.81808,
  "amount": 0.37014821,
  "time": "3:8:19"
 },
 {
  "type": "bid",
  "price": 709,
  "amount": 0.05,
  "time": "3:8:19"
 },
 {
  "type": "bid",
  "price": 708.867,
  "amount": 0.06163,
  "time": "3:8:19"
 }
][
 {
  "type": "ask",
  "price": 706.63803,
  "amount": 0.02328003,
  "time": "3:8:24"
 },
 {
  "type": "ask",
  "price": 706.63803,
  "amount": 0.01752973,
  "time": "3:8:22"
 }
][
 {
  "type": "ask",
  "price": 706.63803,
  "amount": 0.01219304,
  "time": "3:8:26"
 }
][
 {
  "type": "ask",
  "price": 706.63803,
  "amount": 0.03677882,
  "time": "3:8:27"
 }
][
 {
  "type": "bid",
  "price": 708.31902,
  "amount": 4.46055397,
  "time": "3:8:38"
 }
][
 {
  "type": "ask",
  "price": 707.06,
  "amount": 0.07352146,
  "time": "3:8:47"
 },
 {
  "type": "ask",
  "price": 707.06,
  "amount": 0.10859954,
  "time": "3:8:46"
 }
][
 {
  "type": "ask",
  "price": 706.63803,
  "amount": 0.02994,
  "time": "3:8:52"
 }
][
 {
  "type": "bid",
  "price": 708.31902,
  "amount": 9.25980893,
  "time": "3:10:4"
 }
][
 {
  "type": "bid",
  "price": 708.31902,
  "amount": 8.49137269,
  "time": "3:10:9"
 }
][
 {
  "type": "bid",
  "price": 708.31902,
  "amount": 8.25639593,
  "time": "3:11:32"
 }
][
 {
  "type": "bid",
  "price": 708.31902,
  "amount": 3.96445862,
  "time": "3:12:3"
 }
][
 {
  "type": "bid",
  "price": 710,
  "amount": 0.29682759,
  "time": "3:13:2"
 },
 {
  "type": "bid",
  "price": 710,
  "amount": 0.01,
  "time": "3:13:2"
 },
 {
  "type": "bid",
  "price": 710,
  "amount": 0.11,
  "time": "3:13:2"
 },
 {
  "type": "bid",
  "price": 710,
  "amount": 0.87523115,
  "time": "3:13:2"
 },
 {
  "type": "bid",
  "price": 710,
  "amount": 0.26824456,
  "time": "3:13:2"
 }
][
 {
  "type": "bid",
  "price": 711,
  "amount": 0.01,
  "time": "3:13:3"
 }
][
 {
  "type": "bid",
  "price": 709.33601,
  "amount": 3.05883689,
  "time": "3:13:10"
 }
][
 {
  "type": "bid",
  "price": 712.034,
  "amount": 0.079521,
  "time": "3:13:50"
 }
][
 {
  "type": "bid",
  "price": 712.30244,
  "amount": 0.30346681,
  "time": "3:13:58"
 }
][
 {
  "type": "bid",
  "price": 712.30244,
  "amount": 0.06639197,
  "time": "3:14:2"
 }
][
 {
  "type": "ask",
  "price": 712.302,
  "amount": 0.0165125,
  "time": "3:14:9"
 }
][
 {
  "type": "bid",
  "price": 712,
  "amount": 0.0965125,
  "time": "3:16:14"
 },
 {
  "type": "ask",
  "price": 712.302,
  "amount": 0.0034875,
  "time": "3:16:14"
 }
][
 {
  "type": "bid",
  "price": 711.22064,
  "amount": 3.82784257,
  "time": "3:16:34"
 }
][
 {
  "type": "bid",
  "price": 711.22064,
  "amount": 5.64713759,
  "time": "3:17:44"
 }
][
 {
  "type": "bid",
  "price": 711.22064,
  "amount": 8.15609437,
  "time": "3:17:51"
 }
][
 {
  "type": "bid",
  "price": 711.22064,
  "amount": 4.88650811,
  "time": "3:20:7"
 }
][
 {
  "type": "bid",
  "price": 711.22064,
  "amount": 6.31098614,
  "time": "3:21:53"
 }
][
 {
  "type": "bid",
  "price": 711.22064,
  "amount": 3.29424888,
  "time": "3:22:19"
 }
][
 {
  "type": "bid",
  "price": 713.33,
  "amount": 0.01982,
  "time": "3:22:44"
 }
][
 {
  "type": "bid",
  "price": 713.33,
  "amount": 0.14,
  "time": "3:24:4"
 }
][
 {
  "type": "bid",
  "price": 711.22064,
  "amount": 5.0685145,
  "time": "3:25:28"
 }
][
 {
  "type": "bid",
  "price": 713.33,
  "amount": 0.02249756,
  "time": "3:25:56"
 }
][
 {
  "type": "bid",
  "price": 711.22064,
  "amount": 0.682603,
  "time": "3:26:7"
 }
][
 {
  "type": "ask",
  "price": 711.22064,
  "amount": 5.81134163,
  "time": "3:26:37"
 }
][
 {
  "type": "bid",
  "price": 713.33,
  "amount": 0.09000497,
  "time": "3:26:53"
 }
][
 {
  "type": "bid",
  "price": 713.33,
  "amount": 0.2892431,
  "time": "3:26:59"
 }
][
 {
  "type": "bid",
  "price": 713.33,
  "amount": 0.05704837,
  "time": "3:27:1"
 }
][
 {
  "type": "bid",
  "price": 713.33,
  "amount": 0.1427761,
  "time": "3:27:3"
 }
][
 {
  "type": "bid",
  "price": 713.33,
  "amount": 0.02352654,
  "time": "3:27:4"
 }
][
 {
  "type": "bid",
  "price": 713.33,
  "amount": 0.04319844,
  "time": "3:27:6"
 }
][
 {
  "type": "bid",
  "price": 713.33,
  "amount": 0.08664514,
  "time": "3:27:9"
 }
][
 {
  "type": "bid",
  "price": 714,
  "amount": 0.01,
  "time": "3:27:11"
 },
 {
  "type": "bid",
  "price": 713.38162,
  "amount": 0.0153898,
  "time": "3:27:10"
 }
][
 {
  "type": "bid",
  "price": 713.38535,
  "amount": 0.064931,
  "time": "3:27:14"
 }
][
 {
  "type": "bid",
  "price": 712.11058,
  "amount": 8.15780723,
  "time": "3:28:0"
 }
][
 {
  "type": "bid",
  "price": 713.42555,
  "amount": 2.69346591,
  "time": "3:28:6"
 }
][
 {
  "type": "bid",
  "price": 714.74052,
  "amount": 0.0620309,
  "time": "3:29:28"
 }
][
 {
  "type": "ask",
  "price": 714.74052,
  "amount": 0.3879691,
  "time": "3:29:30"
 }
][
 {
  "type": "bid",
  "price": 712.74039,
  "amount": 4.41032933,
  "time": "3:29:41"
 }
][
 {
  "type": "bid",
  "price": 712.74039,
  "amount": 8.52035896,
  "time": "3:32:43"
 }
][
 {
  "type": "bid",
  "price": 712.74039,
  "amount": 1.19148309,
  "time": "3:34:25"
 }
][
 {
  "type": "bid",
  "price": 712.74039,
  "amount": 7.72345116,
  "time": "3:34:46"
 }
][
 {
  "type": "bid",
  "price": 712.59339,
  "amount": 3.63325661,
  "time": "3:36:40"
 }
][
 {
  "type": "bid",
  "price": 712.59339,
  "amount": 8.2896286,
  "time": "3:37:8"
 }
][
 {
  "type": "ask",
  "price": 710.68678,
  "amount": 0.07059048,
  "time": "3:37:13"
 }
][
 {
  "type": "ask",
  "price": 710.68677,
  "amount": 0.03216892,
  "time": "3:37:21"
 }
][
 {
  "type": "bid",
  "price": 712.59339,
  "amount": 4.88399299,
  "time": "3:38:52"
 }
][
 {
  "type": "ask",
  "price": 710.68677,
  "amount": 0.10952808,
  "time": "3:39:37"
 }
][
 {
  "type": "bid",
  "price": 711.80885,
  "amount": 6.00189061,
  "time": "3:40:34"
 }
][
 {
  "type": "bid",
  "price": 714.4,
  "amount": 0.34792046,
  "time": "3:43:57"
 }
][
 {
  "type": "ask",
  "price": 709.19771,
  "amount": 0.1301009,
  "time": "3:44:34"
 }
][
 {
  "type": "ask",
  "price": 709.11127,
  "amount": 0.36373645,
  "time": "3:45:50"
 }
][
 {
  "type": "bid",
  "price": 709.11127,
  "amount": 0.08536355,
  "time": "3:45:51"
 }
][
 {
  "type": "bid",
  "price": 712.30244,
  "amount": 0.02328567,
  "time": "3:47:49"
 }
][
 {
  "type": "bid",
  "price": 712.30244,
  "amount": 0.18208763,
  "time": "3:48:16"
 }
][
 {
  "type": "bid",
  "price": 712.30244,
  "amount": 0.15925624,
  "time": "3:48:19"
 }
][
 {
  "type": "bid",
  "price": 713.38537,
  "amount": 0.1128618,
  "time": "3:48:26"
 }
][
 {
  "type": "ask",
  "price": 709.48125,
  "amount": 0.0986603,
  "time": "3:48:36"
 }
][
 {
  "type": "bid",
  "price": 713.81276,
  "amount": 0.1185837,
  "time": "3:49:4"
 }
][
 {
  "type": "bid",
  "price": 712.15315,
  "amount": 9.3407348,
  "time": "3:49:28"
 }
][
 {
  "type": "bid",
  "price": 712.15315,
  "amount": 8.11305773,
  "time": "3:49:53"
 }
][
 {
  "type": "bid",
  "price": 712.2,
  "amount": 0.66260695,
  "time": "3:50:26"
 }
][
 {
  "type": "bid",
  "price": 712.2,
  "amount": 4.08645852,
  "time": "3:50:30"
 }
][
 {
  "type": "bid",
  "price": 714.4,
  "amount": 0.01,
  "time": "3:51:7"
 }
][
 {
  "type": "ask",
  "price": 710,
  "amount": 0.5,
  "time": "3:51:45"
 }
][
 {
  "type": "bid",
  "price": 712.16315,
  "amount": 2.8978569,
  "time": "3:51:57"
 }
][
 {
  "type": "bid",
  "price": 714.42,
  "amount": 0.03430138,
  "time": "3:52:5"
 },
 {
  "type": "bid",
  "price": 714.42,
  "amount": 0.164,
  "time": "3:52:5"
 }
][
 {
  "type": "bid",
  "price": 712.32677,
  "amount": 5.58784715,
  "time": "3:55:10"
 }
][
 {
  "type": "bid",
  "price": 712.3509,
  "amount": 5.64263187,
  "time": "3:57:12"
 }
][
 {
  "type": "bid",
  "price": 712.3509,
  "amount": 5.66786373,
  "time": "3:57:55"
 }
][
 {
  "type": "bid",
  "price": 714.7955,
  "amount": 0.00554729,
  "time": "3:58:43"
 },
 {
  "type": "bid",
  "price": 714.7955,
  "amount": 0.36415712,
  "time": "3:58:42"
 }
][
 {
  "type": "ask",
  "price": 711.59315,
  "amount": 0.36538891,
  "time": "3:59:0"
 }
][
 {
  "type": "bid",
  "price": 712.3509,
  "amount": 2.67549074,
  "time": "3:59:18"
 }
][
 {
  "type": "bid",
  "price": 714.7955,
  "amount": 0.36207523,
  "time": "3:59:22"
 }
][
 {
  "type": "bid",
  "price": 714.7955,
  "amount": 0.00291391,
  "time": "3:59:23"
 }
][
 {
  "type": "ask",
  "price": 711.59315,
  "amount": 0.36540427,
  "time": "3:59:26"
 }
][
 {
  "type": "bid",
  "price": 712.3509,
  "amount": 6.98262443,
  "time": "3:59:57"
 }
][
 {
  "type": "ask",
  "price": 709.9063,
  "amount": 0.1038529,
  "time": "4:1:38"
 }
][
 {
  "type": "bid",
  "price": 714.23984,
  "amount": 0.1465248,
  "time": "4:1:54"
 }
][
 {
  "type": "ask",
  "price": 710.04787,
  "amount": 0.06377392,
  "time": "4:1:57"
 }
][
 {
  "type": "bid",
  "price": 712.42169,
  "amount": 8.54064526,
  "time": "4:2:9"
 }
][
 {
  "type": "ask",
  "price": 711,
  "amount": 1.41,
  "time": "4:5:21"
 },
 {
  "type": "bid",
  "price": 712.89775,
  "amount": 4.60990409,
  "time": "4:5:19"
 }
][
 {
  "type": "bid",
  "price": 712.42169,
  "amount": 4.72147381,
  "time": "4:5:55"
 }
][
 {
  "type": "ask",
  "price": 710.04787,
  "amount": 0.00694398,
  "time": "4:6:8"
 }
][
 {
  "type": "bid",
  "price": 711.71106,
  "amount": 2.63921527,
  "time": "4:6:18"
 }
][
 {
  "type": "bid",
  "price": 711.71106,
  "amount": 1.9160693,
  "time": "4:6:47"
 }
][
 {
  "type": "ask",
  "price": 709.11127,
  "amount": 0.36621622,
  "time": "4:8:35"
 }
][
 {
  "type": "bid",
  "price": 712.30244,
  "amount": 0.36548252,
  "time": "4:8:41"
 }
][
 {
  "type": "bid",
  "price": 711.71106,
  "amount": 0.66046966,
  "time": "4:10:17"
 }
][
 {
  "type": "bid",
  "price": 711.68236,
  "amount": 5.17785967,
  "time": "4:10:28"
 }
][
 {
  "type": "ask",
  "price": 709.11127,
  "amount": 0.36661577,
  "time": "4:10:42"
 }
][
 {
  "type": "bid",
  "price": 710.39588,
  "amount": 7.58593396,
  "time": "4:11:42"
 }
][
 {
  "type": "bid",
  "price": 712.30244,
  "amount": 0.36548437,
  "time": "4:12:30"
 }
][
 {
  "type": "ask",
  "price": 710,
  "amount": 1.14238449,
  "time": "4:13:10"
 }
][
 {
  "type": "bid",
  "price": 712.15542,
  "amount": 4.88540069,
  "time": "4:13:43"
 }
][
 {
  "type": "ask",
  "price": 710,
  "amount": 2.74165722,
  "time": "4:14:2"
 },
 {
  "type": "ask",
  "price": 710,
  "amount": 1.11595829,
  "time": "4:14:0"
 }
][
 {
  "type": "ask",
  "price": 709.11127,
  "amount": 0.36660871,
  "time": "4:14:3"
 }
][
 {
  "type": "bid",
  "price": 711.40007,
  "amount": 6.59593489,
  "time": "4:14:13"
 }
][
 {
  "type": "bid",
  "price": 715.9,
  "amount": 50,
  "time": "4:15:25"
 },
 {
  "type": "bid",
  "price": 715.89998,
  "amount": 1.39964246,
  "time": "4:15:25"
 },
 {
  "type": "bid",
  "price": 715.8,
  "amount": 3.05570684,
  "time": "4:15:25"
 },
 {
  "type": "bid",
  "price": 715.799,
  "amount": 0.1744589,
  "time": "4:15:25"
 },
 {
  "type": "bid",
  "price": 715.79899,
  "amount": 3.858,
  "time": "4:15:25"
 },
 {
  "type": "bid",
  "price": 715.53,
  "amount": 0.027868,
  "time": "4:15:25"
 },
 {
  "type": "bid",
  "price": 714.7955,
  "amount": 0.36498954,
  "time": "4:15:25"
 },
 {
  "type": "bid",
  "price": 714.31085,
  "amount": 0.124668,
  "time": "4:15:25"
 },
 {
  "type": "bid",
  "price": 714.15727,
  "amount": 0.0555776,
  "time": "4:15:25"
 },
 {
  "type": "bid",
  "price": 712.30244,
  "amount": 0.36547432,
  "time": "4:15:25"
 }
][
 {
  "type": "ask",
  "price": 716,
  "amount": 3.56523533,
  "time": "4:15:26"
 },
 {
  "type": "ask",
  "price": 716,
  "amount": 2.06162,
  "time": "4:15:26"
 },
 {
  "type": "ask",
  "price": 716,
  "amount": 1.313167,
  "time": "4:15:26"
 },
 {
  "type": "ask",
  "price": 716,
  "amount": 0.35152384,
  "time": "4:15:26"
 },
 {
  "type": "ask",
  "price": 716,
  "amount": 33.28206817,
  "time": "4:15:26"
 }
][
 {
  "type": "ask",
  "price": 711.59315,
  "amount": 0.36547642,
  "time": "4:16:47"
 }
][
 {
  "type": "bid",
  "price": 713.79657,
  "amount": 4.98494327,
  "time": "4:17:2"
 }
][
 {
  "type": "bid",
  "price": 713.79657,
  "amount": 3.28683497,
  "time": "4:22:18"
 }
][
 {
  "type": "bid",
  "price": 713.79657,
  "amount": 4.87450982,
  "time": "4:23:18"
 }
][
 {
  "type": "bid",
  "price": 713.79657,
  "amount": 5.71651054,
  "time": "4:24:14"
 }
][
 {
  "type": "ask",
  "price": 718.9,
  "amount": 0.30038837,
  "time": "4:24:19"
 },
 {
  "type": "ask",
  "price": 718.9,
  "amount": 1.3686,
  "time": "4:24:19"
 },
 {
  "type": "ask",
  "price": 718.9,
  "amount": 0.28363748,
  "time": "4:24:18"
 },
 {
  "type": "bid",
  "price": 718.9,
  "amount": 59.79444302,
  "time": "4:24:18"
 },
 {
  "type": "bid",
  "price": 718.8,
  "amount": 0.01,
  "time": "4:24:18"
 },
 {
  "type": "bid",
  "price": 718.77,
  "amount": 0.01,
  "time": "4:24:18"
 },
 {
  "type": "bid",
  "price": 718.08,
  "amount": 0.01,
  "time": "4:24:18"
 },
 {
  "type": "bid",
  "price": 718.02,
  "amount": 0.01996,
  "time": "4:24:18"
 },
 {
  "type": "bid",
  "price": 717.29729,
  "amount": 0.36938265,
  "time": "4:24:18"
 },
 {
  "type": "bid",
  "price": 717.26,
  "amount": 0.01,
  "time": "4:24:18"
 }
][
 {
  "type": "ask",
  "price": 718.9,
  "amount": 0.36547052,
  "time": "4:24:22"
 },
 {
  "type": "ask",
  "price": 718.9,
  "amount": 0.21923527,
  "time": "4:24:21"
 },
 {
  "type": "ask",
  "price": 718.9,
  "amount": 0.35107294,
  "time": "4:24:21"
 },
 {
  "type": "ask",
  "price": 718.9,
  "amount": 0.21921426,
  "time": "4:24:21"
 },
 {
  "type": "ask",
  "price": 718.9,
  "amount": 0.30038837,
  "time": "4:24:20"
 }
][
 {
  "type": "ask",
  "price": 718.9,
  "amount": 1.49231616,
  "time": "4:24:23"
 }
][
 {
  "type": "ask",
  "price": 718.9,
  "amount": 1.49231826,
  "time": "4:24:28"
 },
 {
  "type": "ask",
  "price": 718.9,
  "amount": 0.0683356,
  "time": "4:24:28"
 },
 {
  "type": "ask",
  "price": 718.9,
  "amount": 0.1897957,
  "time": "4:24:26"
 }
][
 {
  "type": "ask",
  "price": 718.9,
  "amount": 0.1308925,
  "time": "4:24:29"
 }
][
 {
  "type": "ask",
  "price": 718.9,
  "amount": 0.36465344,
  "time": "4:24:32"
 },
 {
  "type": "ask",
  "price": 718.9,
  "amount": 0.1,
  "time": "4:24:30"
 }
][
 {
  "type": "ask",
  "price": 718.9,
  "amount": 0.1361025,
  "time": "4:24:38"
 }
][
 {
  "type": "ask",
  "price": 718.9,
  "amount": 0.05136862,
  "time": "4:24:39"
 }
][
 {
  "type": "ask",
  "price": 718.9,
  "amount": 0.08149848,
  "time": "4:24:42"
 },
 {
  "type": "ask",
  "price": 718.9,
  "amount": 0.26324917,
  "time": "4:24:40"
 }
][
 {
  "type": "ask",
  "price": 718.9,
  "amount": 0.20740853,
  "time": "4:24:43"
 }
][
 {
  "type": "ask",
  "price": 718.9,
  "amount": 0.0571512,
  "time": "4:24:44"
 }
][
 {
  "type": "ask",
  "price": 718.9,
  "amount": 0.0745419,
  "time": "4:24:47"
 },
 {
  "type": "bid",
  "price": 719,
  "amount": 0.33431497,
  "time": "4:24:47"
 },
 {
  "type": "ask",
  "price": 718.9,
  "amount": 0.0567223,
  "time": "4:24:46"
 }
][
 {
  "type": "bid",
  "price": 718.95,
  "amount": 4.79782161,
  "time": "4:24:49"
 }
][
 {
  "type": "ask",
  "price": 718.9,
  "amount": 0.27440483,
  "time": "4:24:51"
 }
][
 {
  "type": "ask",
  "price": 718.9,
  "amount": 0.09410926,
  "time": "4:24:54"
 },
 {
  "type": "ask",
  "price": 718.9,
  "amount": 0.03158015,
  "time": "4:24:53"
 },
 {
  "type": "ask",
  "price": 718.9,
  "amount": 13.650926,
  "time": "4:24:52"
 },
 {
  "type": "ask",
  "price": 718.91,
  "amount": 0.157174,
  "time": "4:24:52"
 }
][
 {
  "type": "ask",
  "price": 718.9,
  "amount": 0.17363435,
  "time": "4:24:55"
 },
 {
  "type": "ask",
  "price": 718.9,
  "amount": 8.2,
  "time": "4:24:54"
 }
][
 {
  "type": "ask",
  "price": 718.9,
  "amount": 2.21911573,
  "time": "4:24:57"
 },
 {
  "type": "ask",
  "price": 718.9,
  "amount": 0.07476813,
  "time": "4:24:57"
 }
][
 {
  "type": "ask",
  "price": 718.9,
  "amount": 0.01,
  "time": "4:24:58"
 }
][
 {
  "type": "ask",
  "price": 718.9,
  "amount": 0.02,
  "time": "4:25:11"
 }
][
 {
  "type": "bid",
  "price": 716.80481,
  "amount": 5.9164524,
  "time": "4:25:14"
 }
][
 {
  "type": "bid",
  "price": 716.80481,
  "amount": 4.05217089,
  "time": "4:25:46"
 }
][
 {
  "type": "bid",
  "price": 716.80481,
  "amount": 4.70191827,
  "time": "4:26:13"
 }
][
 {
  "type": "bid",
  "price": 716.80481,
  "amount": 3.42818658,
  "time": "4:27:48"
 }
][
 {
  "type": "bid",
  "price": 716.80481,
  "amount": 6.72390553,
  "time": "4:28:32"
 }
][
 {
  "type": "bid",
  "price": 716.80481,
  "amount": 2.49705125,
  "time": "4:28:39"
 }
][
 {
  "type": "bid",
  "price": 716.80481,
  "amount": 7.57213427,
  "time": "4:30:5"
 }
][
 {
  "type": "bid",
  "price": 716.80481,
  "amount": 8.37342918,
  "time": "4:31:15"
 }
][
 {
  "type": "bid",
  "price": 716.80481,
  "amount": 1.98729266,
  "time": "4:32:21"
 }
][
 {
  "type": "bid",
  "price": 716.75482,
  "amount": 1.47915321,
  "time": "4:34:42"
 }
][
 {
  "type": "bid",
  "price": 716.80481,
  "amount": 7.13082636,
  "time": "4:35:38"
 }
][
 {
  "type": "bid",
  "price": 716.80481,
  "amount": 7.49178942,
  "time": "4:39:12"
 }
][
 {
  "type": "ask",
  "price": 714.60963,
  "amount": 0.1540297,
  "time": "4:41:3"
 }
][
 {
  "type": "bid",
  "price": 716.52802,
  "amount": 4.39992368,
  "time": "4:41:23"
 }
][
 {
  "type": "bid",
  "price": 716.52802,
  "amount": 6.23487793,
  "time": "4:41:35"
 }
][
 {
  "type": "bid",
  "price": 716.04186,
  "amount": 7.76448416,
  "time": "4:46:27"
 }
][
 {
  "type": "bid",
  "price": 718,
  "amount": 0.015,
  "time": "4:46:53"
 }
][
 {
  "type": "bid",
  "price": 716.04186,
  "amount": 5.26948062,
  "time": "4:47:36"
 }
][
 {
  "type": "bid",
  "price": 716.04186,
  "amount": 9.1799935,
  "time": "4:47:53"
 }
][
 {
  "type": "bid",
  "price": 716.04186,
  "amount": 4.82174323,
  "time": "4:47:58"
 }
][
 {
  "type": "bid",
  "price": 716.04186,
  "amount": 1.74207978,
  "time": "4:49:7"
 }
][
 {
  "type": "ask",
  "price": 714.08373,
  "amount": 0.36439839,
  "time": "4:49:55"
 }
][
 {
  "type": "bid",
  "price": 714.08372,
  "amount": 0.36413245,
  "time": "4:49:56"
 }
][
 {
  "type": "bid",
  "price": 714.08372,
  "amount": 0.36413245,
  "time": "4:49:59"
 }
][
 {
  "type": "bid",
  "price": 714.08372,
  "amount": 0.36413245,
  "time": "4:50:3"
 }
][
 {
  "type": "bid",
  "price": 714.08372,
  "amount": 0.28725225,
  "time": "4:50:6"
 }
][
 {
  "type": "bid",
  "price": 714.08372,
  "amount": 9.80754614,
  "time": "4:50:8"
 }
][
 {
  "type": "ask",
  "price": 713.82354,
  "amount": 0.10791198,
  "time": "4:50:34"
 }
][
 {
  "type": "ask",
  "price": 713.82354,
  "amount": 0.04029912,
  "time": "4:50:42"
 }
][
 {
  "type": "bid",
  "price": 713.82354,
  "amount": 0.02917075,
  "time": "4:50:45"
 }
][
 {
  "type": "bid",
  "price": 714.62847,
  "amount": 3.52535446,
  "time": "4:53:29"
 }
][
 {
  "type": "ask",
  "price": 712.35693,
  "amount": 0.01593733,
  "time": "4:56:5"
 }
][
 {
  "type": "bid",
  "price": 714.67846,
  "amount": 9.17525476,
  "time": "4:56:7"
 }
][
 {
  "type": "ask",
  "price": 712.35693,
  "amount": 0.04029912,
  "time": "4:58:4"
 }
][
 {
  "type": "ask",
  "price": 712.35693,
  "amount": 0.10853791,
  "time": "4:58:6"
 }
][
 {
  "type": "ask",
  "price": 712.35693,
  "amount": 0.14758015,
  "time": "4:58:7"
 }
][
 {
  "type": "ask",
  "price": 712.45693,
  "amount": 0.0957086,
  "time": "4:58:15"
 }
][
 {
  "type": "ask",
  "price": 712.45693,
  "amount": 0.0897125,
  "time": "4:58:59"
 }
][
 {
  "type": "bid",
  "price": 714.72847,
  "amount": 0.62662505,
  "time": "5:0:14"
 }
][
 {
  "type": "bid",
  "price": 714.72847,
  "amount": 5.0838752,
  "time": "5:2:33"
 }
][
 {
  "type": "ask",
  "price": 712.45693,
  "amount": 0.0582866,
  "time": "5:4:32"
 }
][
 {
  "type": "ask",
  "price": 712.45693,
  "amount": 0.0461791,
  "time": "5:4:40"
 }
][
 {
  "type": "ask",
  "price": 712.45693,
  "amount": 0.0374032,
  "time": "5:5:13"
 }
][
 {
  "type": "bid",
  "price": 712.4569,
  "amount": 0.02169,
  "time": "5:5:15"
 }
][
 {
  "type": "ask",
  "price": 712.35693,
  "amount": 0.02054549,
  "time": "5:6:8"
 }
][
 {
  "type": "bid",
  "price": 714.62847,
  "amount": 4.38453634,
  "time": "5:6:29"
 }
][
 {
  "type": "bid",
  "price": 714.62847,
  "amount": 7.94223777,
  "time": "5:7:5"
 }
][
 {
  "type": "ask",
  "price": 712.25693,
  "amount": 0.04174898,
  "time": "5:7:11"
 }
][
 {
  "type": "bid",
  "price": 714.62847,
  "amount": 1.20977203,
  "time": "5:7:59"
 }
][
 {
  "type": "ask",
  "price": 714,
  "amount": 0.1,
  "time": "5:8:17"
 }
][
 {
  "type": "ask",
  "price": 712.25693,
  "amount": 0.02483492,
  "time": "5:8:45"
 }
][
 {
  "type": "bid",
  "price": 714.62847,
  "amount": 8.82765348,
  "time": "5:8:51"
 }
][
 {
  "type": "ask",
  "price": 712.25693,
  "amount": 0.0513615,
  "time": "5:12:13"
 }
][
 {
  "type": "bid",
  "price": 713,
  "amount": 0.02773482,
  "time": "5:13:21"
 },
 {
  "type": "bid",
  "price": 713,
  "amount": 0.02362893,
  "time": "5:13:20"
 }
][
 {
  "type": "bid",
  "price": 713,
  "amount": 0.22597944,
  "time": "5:13:30"
 }
][
 {
  "type": "bid",
  "price": 713,
  "amount": 0.04638404,
  "time": "5:13:32"
 }
][
 {
  "type": "bid",
  "price": 713,
  "amount": 0.42526836,
  "time": "5:13:33"
 }
][
 {
  "type": "bid",
  "price": 712.3825,
  "amount": 4.19891831,
  "time": "5:14:40"
 }
][
 {
  "type": "bid",
  "price": 713,
  "amount": 0.08041152,
  "time": "5:14:46"
 }
][
 {
  "type": "bid",
  "price": 713,
  "amount": 0.2386307,
  "time": "5:14:47"
 }
][
 {
  "type": "bid",
  "price": 713,
  "amount": 0.03739219,
  "time": "5:14:51"
 }
][
 {
  "type": "bid",
  "price": 712.3825,
  "amount": 6.57772919,
  "time": "5:14:57"
 },
 {
  "type": "bid",
  "price": 713,
  "amount": 0.03739219,
  "time": "5:14:56"
 },
 {
  "type": "bid",
  "price": 713,
  "amount": 0.03739219,
  "time": "5:14:53"
 }
][
 {
  "type": "bid",
  "price": 713,
  "amount": 0.22696562,
  "time": "5:14:58"
 }
][
 {
  "type": "bid",
  "price": 714.11376,
  "amount": 2.15974876,
  "time": "5:15:18"
 }
][
 {
  "type": "ask",
  "price": 710.001,
  "amount": 0.1781014,
  "time": "5:15:47"
 },
 {
  "type": "ask",
  "price": 711.33171,
  "amount": 0.0627573,
  "time": "5:15:47"
 },
 {
  "type": "ask",
  "price": 711.59315,
  "amount": 0.00024863,
  "time": "5:15:47"
 },
 {
  "type": "ask",
  "price": 711.711,
  "amount": 0.01396,
  "time": "5:15:47"
 },
 {
  "type": "ask",
  "price": 711.765,
  "amount": 0.044762,
  "time": "5:15:47"
 }
][
 {
  "type": "bid",
  "price": 710.001,
  "amount": 0.03381723,
  "time": "5:15:48"
 }
][
 {
  "type": "bid",
  "price": 714.9797,
  "amount": 0.1157142,
  "time": "5:15:58"
 }
][
 {
  "type": "bid",
  "price": 714.7955,
  "amount": 0.11376391,
  "time": "5:16:20"
 },
 {
  "type": "bid",
  "price": 714.7955,
  "amount": 0.25132993,
  "time": "5:16:20"
 }
][
 {
  "type": "ask",
  "price": 714.7955,
  "amount": 0.1,
  "time": "5:16:23"
 }
][
 {
  "type": "bid",
  "price": 714.30478,
  "amount": 8.29303203,
  "time": "5:17:2"
 }
][
 {
  "type": "bid",
  "price": 715.60717,
  "amount": 5.57397538,
  "time": "5:17:9"
 }
][
 {
  "type": "ask",
  "price": 715.60717,
  "amount": 0.03561427,
  "time": "5:17:14"
 }
][
 {
  "type": "bid",
  "price": 715.60717,
  "amount": 0.02613747,
  "time": "5:17:35"
 }
][
 {
  "type": "bid",
  "price": 713.65359,
  "amount": 4.99599647,
  "time": "5:17:48"
 }
][
 {
  "type": "ask",
  "price": 714.30478,
  "amount": 0.03499907,
  "time": "5:18:13"
 }
][
 {
  "type": "bid",
  "price": 713.65359,
  "amount": 2.15825755,
  "time": "5:19:14"
 }
][
 {
  "type": "bid",
  "price": 713.65359,
  "amount": 8.90837983,
  "time": "5:19:45"
 }
][
 {
  "type": "bid",
  "price": 713.60016,
  "amount": 7.6469162,
  "time": "5:20:49"
 }
][
 {
  "type": "bid",
  "price": 713.60016,
  "amount": 3.2448212,
  "time": "5:21:46"
 }
][
 {
  "type": "bid",
  "price": 713.60016,
  "amount": 8.20714939,
  "time": "5:21:53"
 }
][
 {
  "type": "bid",
  "price": 715.60717,
  "amount": 0.03824826,
  "time": "5:22:40"
 }
][
 {
  "type": "bid",
  "price": 714.25135,
  "amount": 2.13616402,
  "time": "5:24:46"
 }
][
 {
  "type": "bid",
  "price": 714.30135,
  "amount": 5.27937206,
  "time": "5:25:5"
 }
][
 {
  "type": "bid",
  "price": 714.30135,
  "amount": 6.99862403,
  "time": "5:26:2"
 }
][
 {
  "type": "bid",
  "price": 714.30135,
  "amount": 6.72950229,
  "time": "5:26:28"
 }
][
 {
  "type": "bid",
  "price": 714.30135,
  "amount": 9.33264161,
  "time": "5:26:38"
 }
][
 {
  "type": "bid",
  "price": 714.35135,
  "amount": 8.96720734,
  "time": "5:28:32"
 }
][
 {
  "type": "bid",
  "price": 714.35135,
  "amount": 8.13224968,
  "time": "5:29:14"
 }
][
 {
  "type": "bid",
  "price": 714.35135,
  "amount": 6.03182484,
  "time": "5:32:19"
 }
][
 {
  "type": "bid",
  "price": 714.35135,
  "amount": 5.01746929,
  "time": "5:39:47"
 }
][
 {
  "type": "ask",
  "price": 711.59315,
  "amount": 0.14923762,
  "time": "5:41:29"
 }
][
 {
  "type": "ask",
  "price": 711.59315,
  "amount": 0.06662965,
  "time": "5:41:32"
 }
][
 {
  "type": "bid",
  "price": 714.25135,
  "amount": 6.16995276,
  "time": "5:41:33"
 }
][
 {
  "type": "bid",
  "price": 714.17455,
  "amount": 4.49216527,
  "time": "5:41:49"
 }
][
 {
  "type": "ask",
  "price": 711.59315,
  "amount": 0.0786729,
  "time": "5:42:8"
 },
 {
  "type": "bid",
  "price": 714.17455,
  "amount": 2.62122711,
  "time": "5:42:8"
 }
][
 {
  "type": "ask",
  "price": 711,
  "amount": 3.91673709,
  "time": "5:42:14"
 },
 {
  "type": "ask",
  "price": 711,
  "amount": 0.18662264,
  "time": "5:42:13"
 },
 {
  "type": "ask",
  "price": 711.06685,
  "amount": 0.1062183,
  "time": "5:42:13"
 },
 {
  "type": "ask",
  "price": 711.59315,
  "amount": 0.0714365,
  "time": "5:42:13"
 }
][
 {
  "type": "ask",
  "price": 709.71824,
  "amount": 0.0231165,
  "time": "5:42:23"
 },
 {
  "type": "ask",
  "price": 709.71824,
  "amount": 0.0231165,
  "time": "5:42:22"
 }
][
 {
  "type": "bid",
  "price": 710.35912,
  "amount": 5.04135716,
  "time": "5:42:26"
 }
][
 {
  "type": "bid",
  "price": 710.35912,
  "amount": 2.45406019,
  "time": "5:42:45"
 }
][
 {
  "type": "bid",
  "price": 710.35912,
  "amount": 7.70019333,
  "time": "5:43:51"
 }
][
 {
  "type": "bid",
  "price": 711,
  "amount": 0.05872149,
  "time": "5:45:31"
 }
][
 {
  "type": "bid",
  "price": 711,
  "amount": 0.0193,
  "time": "5:45:44"
 }
][
 {
  "type": "bid",
  "price": 712.39774,
  "amount": 5.7458118,
  "time": "5:46:40"
 }
][
 {
  "type": "bid",
  "price": 712.39774,
  "amount": 0.84559372,
  "time": "5:47:40"
 }
][
 {
  "type": "ask",
  "price": 711.195,
  "amount": 6.60707453,
  "time": "5:48:29"
 }
][
 {
  "type": "bid",
  "price": 711.195,
  "amount": 3.43280046,
  "time": "5:48:35"
 }
][
 {
  "type": "ask",
  "price": 710,
  "amount": 0.03939255,
  "time": "5:49:5"
 }
][
 {
  "type": "bid",
  "price": 711,
  "amount": 0.116,
  "time": "5:50:5"
 }
][
 {
  "type": "bid",
  "price": 711,
  "amount": 0.116,
  "time": "5:50:30"
 }
][
 {
  "type": "bid",
  "price": 711,
  "amount": 0.03339752,
  "time": "5:50:35"
 }
][
 {
  "type": "bid",
  "price": 711,
  "amount": 0.03949981,
  "time": "5:50:45"
 }
][
 {
  "type": "ask",
  "price": 709.81824,
  "amount": 0.0292,
  "time": "5:50:49"
 },
 {
  "type": "bid",
  "price": 711,
  "amount": 0.03639429,
  "time": "5:50:49"
 }
][
 {
  "type": "bid",
  "price": 711,
  "amount": 0.116,
  "time": "5:52:15"
 }
][
 {
  "type": "bid",
  "price": 711,
  "amount": 0.116,
  "time": "5:52:18"
 }
][
 {
  "type": "bid",
  "price": 711,
  "amount": 0.116,
  "time": "5:52:21"
 }
][
 {
  "type": "ask",
  "price": 710,
  "amount": 0.04590592,
  "time": "5:53:1"
 }
][
 {
  "type": "ask",
  "price": 710,
  "amount": 0.11535278,
  "time": "5:53:41"
 }
][
 {
  "type": "ask",
  "price": 710,
  "amount": 0.03051999,
  "time": "5:53:43"
 }
][
 {
  "type": "ask",
  "price": 710,
  "amount": 0.03492908,
  "time": "5:55:33"
 }
][
 {
  "type": "bid",
  "price": 710.5,
  "amount": 8.99972441,
  "time": "5:55:45"
 }
][
 {
  "type": "bid",
  "price": 710.5,
  "amount": 5.27768944,
  "time": "5:56:9"
 }
][
 {
  "type": "ask",
  "price": 710,
  "amount": 0.27329223,
  "time": "5:56:49"
 }
][
 {
  "type": "ask",
  "price": 709.81824,
  "amount": 0.09133103,
  "time": "5:56:56"
 }
][
 {
  "type": "bid",
  "price": 712.30687,
  "amount": 5.90545941,
  "time": "5:58:36"
 }
][
 {
  "type": "ask",
  "price": 711.05912,
  "amount": 2.66475478,
  "time": "5:59:47"
 }
][
 {
  "type": "bid",
  "price": 711,
  "amount": 0.36417749,
  "time": "6:0:13"
 }
][
 {
  "type": "bid",
  "price": 711,
  "amount": 0.06274386,
  "time": "6:0:17"
 }
][
 {
  "type": "bid",
  "price": 711,
  "amount": 0.30287053,
  "time": "6:0:30"
 }
][
 {
  "type": "bid",
  "price": 711,
  "amount": 0.12452692,
  "time": "6:0:31"
 }
][
 {
  "type": "ask",
  "price": 709.11127,
  "amount": 0.3664671,
  "time": "6:0:41"
 },
 {
  "type": "ask",
  "price": 709.71824,
  "amount": 0.0002411,
  "time": "6:0:41"
 }
][
 {
  "type": "ask",
  "price": 708.959,
  "amount": 6.76693816,
  "time": "6:0:47"
 }
][
 {
  "type": "ask",
  "price": 708.72553,
  "amount": 0.0463119,
  "time": "6:0:59"
 }
][
 {
  "type": "bid",
  "price": 709.86277,
  "amount": 1.55888965,
  "time": "6:1:14"
 }
][
 {
  "type": "ask",
  "price": 709.86277,
  "amount": 3.22169232,
  "time": "6:1:32"
 }
][
 {
  "type": "ask",
  "price": 709.86277,
  "amount": 5.94065665,
  "time": "6:2:13"
 }
][
 {
  "type": "bid",
  "price": 709.86277,
  "amount": 8.03802957,
  "time": "6:3:44"
 }
][
 {
  "type": "ask",
  "price": 708.72553,
  "amount": 0.0231134,
  "time": "6:4:20"
 }
][
 {
  "type": "ask",
  "price": 708.97929,
  "amount": 8.10088706,
  "time": "6:6:40"
 }
][
 {
  "type": "bid",
  "price": 708.97929,
  "amount": 2.37331394,
  "time": "6:7:40"
 }
][
 {
  "type": "bid",
  "price": 708.97929,
  "amount": 1.048157,
  "time": "6:7:46"
 }
][
 {
  "type": "bid",
  "price": 707,
  "amount": 0.62739712,
  "time": "6:8:5"
 },
 {
  "type": "bid",
  "price": 707,
  "amount": 0.01003217,
  "time": "6:8:4"
 }
][
 {
  "type": "bid",
  "price": 707,
  "amount": 0.35614547,
  "time": "6:8:13"
 }
][
 {
  "type": "bid",
  "price": 708.97929,
  "amount": 6.02863833,
  "time": "6:8:47"
 }
][
 {
  "type": "bid",
  "price": 709.6298,
  "amount": 8.51646508,
  "time": "6:10:10"
 }
][
 {
  "type": "bid",
  "price": 708.97929,
  "amount": 7.90890219,
  "time": "6:10:52"
 }
][
 {
  "type": "bid",
  "price": 708.97929,
  "amount": 4.05052377,
  "time": "6:11:17"
 }
][
 {
  "type": "ask",
  "price": 706.95859,
  "amount": 0.0570337,
  "time": "6:12:31"
 }
][
 {
  "type": "bid",
  "price": 709.09621,
  "amount": 1.48243642,
  "time": "6:13:11"
 }
][
 {
  "type": "ask",
  "price": 706.63803,
  "amount": 0.09742336,
  "time": "6:13:46"
 },
 {
  "type": "ask",
  "price": 706.918,
  "amount": 0.02,
  "time": "6:13:46"
 }
][
 {
  "type": "ask",
  "price": 706.04006,
  "amount": 0.036401,
  "time": "6:14:51"
 },
 {
  "type": "ask",
  "price": 706.20075,
  "amount": 0.0370235,
  "time": "6:14:51"
 },
 {
  "type": "ask",
  "price": 706.63803,
  "amount": 0.1473136,
  "time": "6:14:51"
 }
][
 {
  "type": "bid",
  "price": 706,
  "amount": 0.77726192,
  "time": "6:14:52"
 }
][
 {
  "type": "ask",
  "price": 707.49883,
  "amount": 0.67353275,
  "time": "6:15:22"
 }
][
 {
  "type": "ask",
  "price": 707.49883,
  "amount": 1.38286379,
  "time": "6:15:51"
 }
][
 {
  "type": "ask",
  "price": 707.49883,
  "amount": 4.61684036,
  "time": "6:16:11"
 }
][
 {
  "type": "ask",
  "price": 707.49883,
  "amount": 8.24460896,
  "time": "6:16:37"
 }
][
 {
  "type": "ask",
  "price": 707.49883,
  "amount": 3.68325896,
  "time": "6:17:42"
 }
][
 {
  "type": "ask",
  "price": 707.49883,
  "amount": 7.9797318,
