[
 {
  "type": "bid",
  "price": 923,
  "amount": 0.10810864,
  "time": "20:54:30"
 },
 {
  "type": "bid",
  "price": 923,
  "amount": 0.05092652,
  "time": "20:54:20"
 },
 {
  "type": "bid",
  "price": 923,
  "amount": 0.05092652,
  "time": "20:54:18"
 },
 {
  "type": "ask",
  "price": 921.51805,
  "amount": 0.015,
  "time": "20:54:16"
 },
 {
  "type": "ask",
  "price": 921.51805,
  "amount": 2.07358052,
  "time": "20:54:15"
 },
 {
  "type": "ask",
  "price": 921.51803,
  "amount": 0.414,
  "time": "20:54:5"
 },
 {
  "type": "ask",
  "price": 921.51803,
  "amount": 0.015,
  "time": "20:53:52"
 },
 {
  "type": "ask",
  "price": 921.51801,
  "amount": 0.01904725,
  "time": "20:53:48"
 },
 {
  "type": "ask",
  "price": 921.51801,
  "amount": 0.1847568,
  "time": "20:53:23"
 },
 {
  "type": "ask",
  "price": 921.51801,
  "amount": 0.50381,
  "time": "20:53:11"
 }
][
 {
  "type": "bid",
  "price": 923,
  "amount": 0.3,
  "time": "20:55:0"
 }
][
 {
  "type": "ask",
  "price": 923.38509,
  "amount": 6.39531937,
  "time": "20:55:40"
 }
][
 {
  "type": "ask",
  "price": 921.51817,
  "amount": 0.05186834,
  "time": "20:55:48"
 }
][
 {
  "type": "ask",
  "price": 923.38509,
  "amount": 6.10869896,
  "time": "20:55:59"
 }
][
 {
  "type": "ask",
  "price": 923.38515,
  "amount": 4.12163761,
  "time": "20:57:10"
 }
][
 {
  "type": "ask",
  "price": 923.38515,
  "amount": 4.46859645,
  "time": "20:57:44"
 }
][
 {
  "type": "bid",
  "price": 925.152,
  "amount": 0.41723,
  "time": "20:59:46"
 },
 {
  "type": "bid",
  "price": 925.052,
  "amount": 0.44666,
  "time": "20:59:46"
 },
 {
  "type": "bid",
  "price": 924.952,
  "amount": 0.42433,
  "time": "20:59:46"
 }
][
 {
  "type": "ask",
  "price": 925.202,
  "amount": 2.51790594,
  "time": "21:0:22"
 }
][
 {
  "type": "bid",
  "price": 925.98689,
  "amount": 0.42108986,
  "time": "21:0:35"
 },
 {
  "type": "bid",
  "price": 925.88689,
  "amount": 0.40649,
  "time": "21:0:35"
 },
 {
  "type": "bid",
  "price": 925.78689,
  "amount": 0.38616,
  "time": "21:0:35"
 },
 {
  "type": "bid",
  "price": 925.252,
  "amount": 0.15,
  "time": "21:0:35"
 }
][
 {
  "type": "ask",
  "price": 923.79347,
  "amount": 6.68429913,
  "time": "21:0:56"
 }
][
 {
  "type": "bid",
  "price": 925.98689,
  "amount": 0.00679014,
  "time": "21:1:7"
 }
][
 {
  "type": "bid",
  "price": 927.63146,
  "amount": 0.08209174,
  "time": "21:1:14"
 }
][
 {
  "type": "bid",
  "price": 927.63146,
  "amount": 0.19431334,
  "time": "21:1:15"
 }
][
 {
  "type": "ask",
  "price": 927.63146,
  "amount": 0.10855934,
  "time": "21:1:36"
 }
][
 {
  "type": "bid",
  "price": 930.87,
  "amount": 6.930343,
  "time": "21:1:47"
 },
 {
  "type": "bid",
  "price": 928.75324,
  "amount": 0.1153858,
  "time": "21:1:47"
 },
 {
  "type": "bid",
  "price": 928.75169,
  "amount": 0.0104789,
  "time": "21:1:47"
 },
 {
  "type": "bid",
  "price": 928.75069,
  "amount": 0.261176,
  "time": "21:1:47"
 }
][
 {
  "type": "ask",
  "price": 923.4766,
  "amount": 1.35274357,
  "time": "21:2:4"
 }
][
 {
  "type": "ask",
  "price": 926.85812,
  "amount": 6.98897271,
  "time": "21:2:26"
 }
][
 {
  "type": "bid",
  "price": 930.23965,
  "amount": 0.0555847,
  "time": "21:2:52"
 }
][
 {
  "type": "ask",
  "price": 930.23965,
  "amount": 0.22459336,
  "time": "21:2:56"
 }
][
 {
  "type": "ask",
  "price": 930.23965,
  "amount": 0.14570783,
  "time": "21:3:1"
 },
 {
  "type": "ask",
  "price": 930.23965,
  "amount": 0.07411411,
  "time": "21:3:0"
 }
][
 {
  "type": "ask",
  "price": 924.87207,
  "amount": 0.1076281,
  "time": "21:3:49"
 }
][
 {
  "type": "bid",
  "price": 924.87207,
  "amount": 0.0023719,
  "time": "21:3:50"
 }
][
 {
  "type": "ask",
  "price": 927.2124,
  "amount": 2.3292022,
  "time": "21:4:6"
 }
][
 {
  "type": "ask",
  "price": 925.79631,
  "amount": 5.98366493,
  "time": "21:5:22"
 }
][
 {
  "type": "ask",
  "price": 924,
  "amount": 0.36124443,
  "time": "21:6:25"
 },
 {
  "type": "ask",
  "price": 924,
  "amount": 3.92393788,
  "time": "21:6:25"
 }
][
 {
  "type": "ask",
  "price": 926,
  "amount": 6.78120306,
  "time": "21:7:19"
 }
][
 {
  "type": "bid",
  "price": 928,
  "amount": 0.0615,
  "time": "21:7:41"
 }
][
 {
  "type": "ask",
  "price": 928,
  "amount": 0.04656985,
  "time": "21:7:45"
 }
][
 {
  "type": "ask",
  "price": 927.2055,
  "amount": 0.90814148,
  "time": "21:8:54"
 }
][
 {
  "type": "bid",
  "price": 930.1,
  "amount": 0.1,
  "time": "21:10:5"
 }
][
 {
  "type": "ask",
  "price": 924,
  "amount": 0.22737481,
  "time": "21:10:45"
 },
 {
  "type": "ask",
  "price": 924,
  "amount": 1.84315557,
  "time": "21:10:45"
 },
 {
  "type": "ask",
  "price": 924.001,
  "amount": 0.2635898,
  "time": "21:10:45"
 },
 {
  "type": "ask",
  "price": 928,
  "amount": 0.01390283,
  "time": "21:10:45"
 },
 {
  "type": "ask",
  "price": 930,
  "amount": 2.93594181,
  "time": "21:10:45"
 },
 {
  "type": "ask",
  "price": 930,
  "amount": 1.13145885,
  "time": "21:10:45"
 },
 {
  "type": "ask",
  "price": 930,
  "amount": 2.80188851,
  "time": "21:10:44"
 },
 {
  "type": "ask",
  "price": 930,
  "amount": 1.9992523,
  "time": "21:10:44"
 },
 {
  "type": "ask",
  "price": 930,
  "amount": 1.13145853,
  "time": "21:10:43"
 },
 {
  "type": "ask",
  "price": 928,
  "amount": 0.04924952,
  "time": "21:10:42"
 }
][
 {
  "type": "bid",
  "price": 930.09,
  "amount": 0.85936096,
  "time": "21:11:2"
 }
][
 {
  "type": "ask",
  "price": 925,
  "amount": 2.91517439,
  "time": "21:11:37"
 },
 {
  "type": "ask",
  "price": 927.545,
  "amount": 6.77100079,
  "time": "21:11:36"
 }
][
 {
  "type": "ask",
  "price": 927.55,
  "amount": 1.97227517,
  "time": "21:12:30"
 }
][
 {
  "type": "ask",
  "price": 925,
  "amount": 1.98167551,
  "time": "21:12:31"
 }
][
 {
  "type": "ask",
  "price": 927.55,
  "amount": 4.7489594,
  "time": "21:12:52"
 }
][
 {
  "type": "ask",
  "price": 927.55,
  "amount": 5.76425687,
  "time": "21:13:10"
 }
][
 {
  "type": "ask",
  "price": 927.55,
  "amount": 4.42505273,
  "time": "21:13:17"
 }
][
 {
  "type": "ask",
  "price": 927.545,
  "amount": 1.19878889,
  "time": "21:14:16"
 }
][
 {
  "type": "ask",
  "price": 925,
  "amount": 1.55286998,
  "time": "21:15:23"
 },
 {
  "type": "ask",
  "price": 925,
  "amount": 1.97543519,
  "time": "21:15:23"
 },
 {
  "type": "ask",
  "price": 927.48742,
  "amount": 4.06265064,
  "time": "21:15:22"
 }
][
 {
  "type": "ask",
  "price": 923.49,
  "amount": 2.52737202,
  "time": "21:15:31"
 },
 {
  "type": "ask",
  "price": 925,
  "amount": 1.57484493,
  "time": "21:15:31"
 }
][
 {
  "type": "ask",
  "price": 926.7828,
  "amount": 6.29142828,
  "time": "21:15:55"
 }
][
 {
  "type": "ask",
  "price": 923.47559,
  "amount": 6.04952401,
  "time": "21:15:56"
 },
 {
  "type": "ask",
  "price": 923.47559,
  "amount": 0.27708853,
  "time": "21:15:56"
 }
][
 {
  "type": "bid",
  "price": 927.62,
  "amount": 1,
  "time": "21:18:3"
 }
][
 {
  "type": "bid",
  "price": 925.81,
  "amount": 3.56390984,
  "time": "21:18:29"
 }
][
 {
  "type": "ask",
  "price": 925.81001,
  "amount": 6.06627047,
  "time": "21:19:16"
 }
][
 {
  "type": "ask",
  "price": 926.31,
  "amount": 4.68401443,
  "time": "21:19:47"
 }
][
 {
  "type": "bid",
  "price": 926.31,
  "amount": 1.77830856,
  "time": "21:20:33"
 }
][
 {
  "type": "ask",
  "price": 926,
  "amount": 0.85710188,
  "time": "21:20:45"
 }
][
 {
  "type": "ask",
  "price": 926,
  "amount": 0.05001208,
  "time": "21:22:19"
 }
][
 {
  "type": "ask",
  "price": 926.81573,
  "amount": 6.83461262,
  "time": "21:22:57"
 }
][
 {
  "type": "ask",
  "price": 926,
  "amount": 0.08560334,
  "time": "21:23:19"
 }
][
 {
  "type": "ask",
  "price": 926,
  "amount": 0.16,
  "time": "21:23:36"
 }
][
 {
  "type": "ask",
  "price": 926.81573,
  "amount": 5.80524821,
  "time": "21:23:47"
 }
][
 {
  "type": "ask",
  "price": 926.81573,
  "amount": 4.72458486,
  "time": "21:24:28"
 }
][
 {
  "type": "ask",
  "price": 926.81573,
  "amount": 1.37107553,
  "time": "21:24:53"
 }
][
 {
  "type": "bid",
  "price": 927.63146,
  "amount": 0.27658377,
  "time": "21:25:10"
 }
][
 {
  "type": "ask",
  "price": 926,
  "amount": 0.20253546,
  "time": "21:25:37"
 }
][
 {
  "type": "bid",
  "price": 927.56,
  "amount": 4.50297331,
  "time": "21:25:57"
 }
][
 {
  "type": "bid",
  "price": 927.56,
  "amount": 4.46200401,
  "time": "21:26:1"
 }
][
 {
  "type": "bid",
  "price": 927.56,
  "amount": 5.53786616,
  "time": "21:26:10"
 }
][
 {
  "type": "ask",
  "price": 929.68582,
  "amount": 0.71855341,
  "time": "21:28:14"
 },
 {
  "type": "bid",
  "price": 929.68582,
  "amount": 0.0137196,
  "time": "21:28:13"
 }
][
 {
  "type": "ask",
  "price": 929.68582,
  "amount": 0.47820129,
  "time": "21:28:15"
 },
 {
  "type": "ask",
  "price": 929.68582,
  "amount": 0.35626414,
  "time": "21:28:15"
 },
 {
  "type": "ask",
  "price": 929.68582,
  "amount": 0.22736634,
  "time": "21:28:15"
 },
 {
  "type": "ask",
  "price": 929.68582,
  "amount": 2.23417638,
  "time": "21:28:15"
 }
][
 {
  "type": "ask",
  "price": 928.045,
  "amount": 1.76070441,
  "time": "21:29:25"
 }
][
 {
  "type": "ask",
  "price": 927.995,
  "amount": 2.80881014,
  "time": "21:29:47"
 }
][
 {
  "type": "ask",
  "price": 927,
  "amount": 0.05820397,
  "time": "21:29:53"
 }
][
 {
  "type": "ask",
  "price": 927,
  "amount": 0.06111417,
  "time": "21:29:54"
 }
][
 {
  "type": "bid",
  "price": 928.495,
  "amount": 1.04417316,
  "time": "21:30:4"
 }
][
 {
  "type": "bid",
  "price": 928.495,
  "amount": 2.01332029,
  "time": "21:30:9"
 }
][
 {
  "type": "ask",
  "price": 927,
  "amount": 0.073493,
  "time": "21:30:26"
 }
][
 {
  "type": "ask",
  "price": 928.495,
  "amount": 4.38675803,
  "time": "21:30:53"
 }
][
 {
  "type": "bid",
  "price": 929.99,
  "amount": 0.40312,
  "time": "21:32:0"
 }
][
 {
  "type": "bid",
  "price": 929.89,
  "amount": 0.36381,
  "time": "21:33:46"
 }
][
 {
  "type": "ask",
  "price": 929.89,
  "amount": 0.01960072,
  "time": "21:33:49"
 }
][
 {
  "type": "ask",
  "price": 929.89,
  "amount": 0.34562,
  "time": "21:33:59"
 }
][
 {
  "type": "ask",
  "price": 929.94,
  "amount": 1.52685773,
  "time": "21:34:11"
 }
][
 {
  "type": "ask",
  "price": 929.89,
  "amount": 0.32834,
  "time": "21:34:45"
 }
][
 {
  "type": "ask",
  "price": 929.89,
  "amount": 0.06236879,
  "time": "21:34:57"
 }
][
 {
  "type": "ask",
  "price": 929.89,
  "amount": 0.22466715,
  "time": "21:35:5"
 }
][
 {
  "type": "ask",
  "price": 929.89,
  "amount": 0.02516882,
  "time": "21:35:28"
 },
 {
  "type": "ask",
  "price": 929.94,
  "amount": 0.39543669,
  "time": "21:35:24"
 }
][
 {
  "type": "ask",
  "price": 928.445,
  "amount": 1.45494252,
  "time": "21:35:45"
 }
][
 {
  "type": "ask",
  "price": 928.395,
  "amount": 5.98172161,
  "time": "21:36:44"
 }
][
 {
  "type": "ask",
  "price": 928.345,
  "amount": 3.13300125,
  "time": "21:37:5"
 }
][
 {
  "type": "ask",
  "price": 928.345,
  "amount": 3.82699862,
  "time": "21:38:11"
 }
][
 {
  "type": "ask",
  "price": 927.6725,
  "amount": 6.37691539,
  "time": "21:38:21"
 }
][
 {
  "type": "ask",
  "price": 927.6225,
  "amount": 0.95621298,
  "time": "21:38:57"
 }
][
 {
  "type": "bid",
  "price": 929,
  "amount": 0.0498336,
  "time": "21:39:44"
 },
 {
  "type": "bid",
  "price": 928.245,
  "amount": 0.31747,
  "time": "21:39:44"
 }
][
 {
  "type": "ask",
  "price": 928,
  "amount": 7.17500204,
  "time": "21:39:55"
 }
][
 {
  "type": "ask",
  "price": 928,
  "amount": 2.54012605,
  "time": "21:40:40"
 }
][
 {
  "type": "ask",
  "price": 928,
  "amount": 3.84282963,
  "time": "21:40:56"
 }
][
 {
  "type": "ask",
  "price": 928,
  "amount": 1.01489458,
  "time": "21:41:23"
 }
][
 {
  "type": "ask",
  "price": 927,
  "amount": 0.57686795,
  "time": "21:42:31"
 }
][
 {
  "type": "bid",
  "price": 929,
  "amount": 0.5,
  "time": "21:43:11"
 }
][
 {
  "type": "ask",
  "price": 927,
  "amount": 0.1017775,
  "time": "21:43:24"
 }
][
 {
  "type": "ask",
  "price": 928,
  "amount": 3.89427892,
  "time": "21:43:55"
 }
][
 {
  "type": "ask",
  "price": 928,
  "amount": 6.76681278,
  "time": "21:44:8"
 }
][
 {
  "type": "ask",
  "price": 928.05,
  "amount": 1.46342662,
  "time": "21:44:57"
 }
][
 {
  "type": "bid",
  "price": 929,
  "amount": 1.26219373,
  "time": "21:45:2"
 }
][
 {
  "type": "ask",
  "price": 928.05,
  "amount": 4.59874931,
  "time": "21:45:37"
 }
][
 {
  "type": "ask",
  "price": 928.05,
  "amount": 4.962336,
  "time": "21:47:6"
 }
][
 {
  "type": "ask",
  "price": 927.575,
  "amount": 1.0174538,
  "time": "21:47:16"
 }
][
 {
  "type": "ask",
  "price": 927,
  "amount": 0.09818341,
  "time": "21:48:24"
 }
][
 {
  "type": "bid",
  "price": 927,
  "amount": 0.30853193,
  "time": "21:48:30"
 }
][
 {
  "type": "ask",
  "price": 926,
  "amount": 0.05399568,
  "time": "21:48:32"
 }
][
 {
  "type": "bid",
  "price": 929,
  "amount": 5.40671534,
  "time": "21:48:42"
 },
 {
  "type": "bid",
  "price": 927,
  "amount": 4.59328466,
  "time": "21:48:42"
 },
 {
  "type": "ask",
  "price": 926.05,
  "amount": 2.8470515,
  "time": "21:48:42"
 }
][
 {
  "type": "ask",
  "price": 927.05,
  "amount": 0.73607934,
  "time": "21:49:7"
 }
][
 {
  "type": "bid",
  "price": 927.05,
  "amount": 0.12478809,
  "time": "21:49:10"
 }
][
 {
  "type": "bid",
  "price": 929,
  "amount": 0.06346056,
  "time": "21:52:18"
 }
][
 {
  "type": "bid",
  "price": 929,
  "amount": 0.18026039,
  "time": "21:52:37"
 }
][
 {
  "type": "bid",
  "price": 929,
  "amount": 0.50895953,
  "time": "21:53:5"
 }
][
 {
  "type": "bid",
  "price": 929,
  "amount": 0.02857685,
  "time": "21:53:43"
 }
][
 {
  "type": "bid",
  "price": 929,
  "amount": 0.10834223,
  "time": "21:56:29"
 }
][
 {
  "type": "ask",
  "price": 930,
  "amount": 20,
  "time": "21:57:14"
 }
][
 {
  "type": "ask",
  "price": 928.545,
  "amount": 3.92829081,
  "time": "21:58:22"
 }
][
 {
  "type": "ask",
  "price": 928.545,
  "amount": 5.71386187,
  "time": "21:58:34"
 }
][
 {
  "type": "ask",
  "price": 928.54,
  "amount": 0.85494809,
  "time": "22:4:7"
 },
 {
  "type": "bid",
  "price": 928.54,
  "amount": 0.07339644,
  "time": "22:2:25"
 },
 {
  "type": "ask",
  "price": 928.54,
  "amount": 6.6138627,
  "time": "22:2:17"
 },
 {
  "type": "ask",
  "price": 928.54,
  "amount": 1.56305744,
  "time": "22:1:51"
 },
 {
  "type": "ask",
  "price": 927,
  "amount": 0.47009,
  "time": "22:0:39"
 },
 {
  "type": "bid",
  "price": 928.545,
  "amount": 5.82064932,
  "time": "22:0:35"
 },
 {
  "type": "ask",
  "price": 930.09,
  "amount": 0.00394087,
  "time": "21:59:59"
 },
 {
  "type": "bid",
  "price": 930.05757,
  "amount": 0.02336628,
  "time": "21:59:58"
 },
 {
  "type": "bid",
  "price": 930.09,
  "amount": 0.0565004,
  "time": "21:59:57"
 },
 {
  "type": "bid",
  "price": 928.545,
  "amount": 0.1334996,
  "time": "21:59:57"
 }
][
 {
  "type": "ask",
  "price": 930.08,
  "amount": 0.0508344,
  "time": "22:4:23"
 },
 {
  "type": "bid",
  "price": 930.08,
  "amount": 0.13636956,
  "time": "22:4:22"
 }
][
 {
  "type": "bid",
  "price": 930.1,
  "amount": 0.01,
  "time": "22:5:48"
 },
 {
  "type": "bid",
  "price": 930.1,
  "amount": 0.32625669,
  "time": "22:5:24"
 },
 {
  "type": "bid",
  "price": 930.1,
  "amount": 1.0052,
  "time": "22:5:19"
 },
 {
  "type": "ask",
  "price": 930.08,
  "amount": 18.81279604,
  "time": "22:4:42"
 }
][
 {
  "type": "bid",
  "price": 930.05,
  "amount": 2.82740903,
  "time": "22:7:6"
 },
 {
  "type": "bid",
  "price": 930.05,
  "amount": 0.79754722,
  "time": "22:6:53"
 },
 {
  "type": "ask",
  "price": 930,
  "amount": 0.0101696,
  "time": "22:6:34"
 },
 {
  "type": "bid",
  "price": 930.05,
  "amount": 3.13914659,
  "time": "22:6:20"
 },
 {
  "type": "bid",
  "price": 930.1,
  "amount": 0.01,
  "time": "22:5:48"
 },
 {
  "type": "bid",
  "price": 930.1,
  "amount": 0.32625669,
  "time": "22:5:24"
 },
 {
  "type": "bid",
  "price": 930.1,
  "amount": 1.0052,
  "time": "22:5:19"
 },
 {
  "type": "ask",
  "price": 930.08,
  "amount": 18.81279604,
  "time": "22:4:42"
 },
 {
  "type": "ask",
  "price": 930.08,
  "amount": 0.0508344,
  "time": "22:4:23"
 },
 {
  "type": "bid",
  "price": 930.08,
  "amount": 0.13636956,
  "time": "22:4:22"
 }
][
 {
  "type": "bid",
  "price": 930.1,
  "amount": 0.26691562,
  "time": "22:8:10"
 },
 {
  "type": "bid",
  "price": 930.1,
  "amount": 0.55854331,
  "time": "22:8:10"
 }
][
 {
  "type": "ask",
  "price": 930,
  "amount": 0.12261294,
  "time": "22:8:13"
 }
][
 {
  "type": "ask",
  "price": 930.05,
  "amount": 4.04437515,
  "time": "22:8:35"
 }
][
 {
  "type": "bid",
  "price": 930.1,
  "amount": 0.34685438,
  "time": "22:9:45"
 }
][
 {
  "type": "ask",
  "price": 930.00001,
  "amount": 0.07043175,
  "time": "22:9:56"
 }
][
 {
  "type": "ask",
  "price": 930,
  "amount": 0.15767714,
  "time": "22:10:13"
 }
][
 {
  "type": "bid",
  "price": 933.87137,
  "amount": 0.01204971,
  "time": "22:10:22"
 },
 {
  "type": "bid",
  "price": 938.79818,
  "amount": 40.34832404,
  "time": "22:10:20"
 },
 {
  "type": "bid",
  "price": 938.27802,
  "amount": 0.03583278,
  "time": "22:10:20"
 },
 {
  "type": "bid",
  "price": 938.03931,
  "amount": 0.10661,
  "time": "22:10:20"
 },
 {
  "type": "bid",
  "price": 937.96769,
  "amount": 0.0104789,
  "time": "22:10:20"
 },
 {
  "type": "bid",
  "price": 937.40572,
  "amount": 0.27454001,
  "time": "22:10:20"
 },
 {
  "type": "bid",
  "price": 937.15727,
  "amount": 0.10457156,
  "time": "22:10:20"
 },
 {
  "type": "bid",
  "price": 936.99,
  "amount": 0.06722588,
  "time": "22:10:20"
 },
 {
  "type": "bid",
  "price": 935.61898,
  "amount": 0.29890577,
  "time": "22:10:20"
 },
 {
  "type": "bid",
  "price": 935,
  "amount": 0.10785372,
  "time": "22:10:20"
 }
][
 {
  "type": "ask",
  "price": 928.35388,
  "amount": 3.0906674,
  "time": "22:10:41"
 }
][
 {
  "type": "bid",
  "price": 930,
  "amount": 0.25,
  "time": "22:11:3"
 }
][
 {
  "type": "ask",
  "price": 930,
  "amount": 0.03263706,
  "time": "22:11:15"
 },
 {
  "type": "ask",
  "price": 930,
  "amount": 0.02635106,
  "time": "22:11:14"
 }
][
 {
  "type": "ask",
  "price": 929.95124,
  "amount": 0.05953547,
  "time": "22:11:27"
 },
 {
  "type": "ask",
  "price": 929.95124,
  "amount": 0.09489699,
  "time": "22:11:26"
 },
 {
  "type": "ask",
  "price": 929.95124,
  "amount": 0.06159834,
  "time": "22:11:24"
 }
][
 {
  "type": "ask",
  "price": 929.95124,
  "amount": 0.16215409,
  "time": "22:11:29"
 }
][
 {
  "type": "bid",
  "price": 931.81,
  "amount": 0.27485728,
  "time": "22:11:31"
 }
][
 {
  "type": "bid",
  "price": 931.82108,
  "amount": 0.0540511,
  "time": "22:11:43"
 },
 {
  "type": "ask",
  "price": 929.95124,
  "amount": 0.16770695,
  "time": "22:11:42"
 }
][
 {
  "type": "ask",
  "price": 929.95124,
  "amount": 0.04,
  "time": "22:11:47"
 }
][
 {
  "type": "ask",
  "price": 930.88616,
  "amount": 1.28898879,
  "time": "22:12:17"
 }
][
 {
  "type": "ask",
  "price": 930.88616,
  "amount": 1.28898879,
  "time": "22:12:17"
 },
 {
  "type": "ask",
  "price": 929.95124,
  "amount": 0.04,
  "time": "22:11:47"
 },
 {
  "type": "bid",
  "price": 931.82108,
  "amount": 0.0540511,
  "time": "22:11:43"
 },
 {
  "type": "ask",
  "price": 929.95124,
  "amount": 0.16770695,
  "time": "22:11:42"
 },
 {
  "type": "bid",
  "price": 931.81,
  "amount": 0.27485728,
  "time": "22:11:31"
 },
 {
  "type": "ask",
  "price": 929.95124,
  "amount": 0.16215409,
  "time": "22:11:29"
 },
 {
  "type": "ask",
  "price": 929.95124,
  "amount": 0.05953547,
  "time": "22:11:27"
 },
 {
  "type": "ask",
  "price": 929.95124,
  "amount": 0.09489699,
  "time": "22:11:26"
 },
 {
  "type": "ask",
  "price": 929.95124,
  "amount": 0.06159834,
  "time": "22:11:24"
 },
 {
  "type": "ask",
  "price": 930,
  "amount": 0.03263706,
  "time": "22:11:15"
 }
][
 {
  "type": "ask",
  "price": 929.96,
  "amount": 0.0439778,
  "time": "22:13:12"
 }
][
 {
  "type": "ask",
  "price": 928.36,
  "amount": 0.17188269,
  "time": "22:18:55"
 },
 {
  "type": "ask",
  "price": 930.345,
  "amount": 4.96029801,
  "time": "22:18:20"
 },
 {
  "type": "ask",
  "price": 930.345,
  "amount": 2.29404845,
  "time": "22:18:6"
 },
 {
  "type": "ask",
  "price": 928.36,
  "amount": 0.39024314,
  "time": "22:17:47"
 },
 {
  "type": "bid",
  "price": 930.45,
  "amount": 0.509889,
  "time": "22:17:47"
 },
 {
  "type": "ask",
  "price": 928.36,
  "amount": 0.30498465,
  "time": "22:17:46"
 },
 {
  "type": "bid",
  "price": 930.45,
  "amount": 0.55534503,
  "time": "22:17:45"
 },
 {
  "type": "ask",
  "price": 930.45,
  "amount": 6.43651567,
  "time": "22:17:43"
 },
 {
  "type": "ask",
  "price": 928.36,
  "amount": 0.04628728,
  "time": "22:17:42"
 },
 {
  "type": "ask",
  "price": 930.45,
  "amount": 6.4371121,
  "time": "22:17:7"
 }
][
 {
  "type": "ask",
  "price": 928.14501,
  "amount": 1.1327892,
  "time": "22:23:1"
 },
 {
  "type": "bid",
  "price": 929.57,
  "amount": 0.44299943,
  "time": "22:22:58"
 },
 {
  "type": "bid",
  "price": 929.57,
  "amount": 0.50068486,
  "time": "22:22:52"
 },
 {
  "type": "ask",
  "price": 928.14943,
  "amount": 3.06149646,
  "time": "22:22:47"
 },
 {
  "type": "ask",
  "price": 927,
  "amount": 0.00844994,
  "time": "22:22:43"
 },
 {
  "type": "bid",
  "price": 929.57,
  "amount": 0.69498123,
  "time": "22:22:42"
 },
 {
  "type": "bid",
  "price": 929.57,
  "amount": 0.6217801,
  "time": "22:22:41"
 },
 {
  "type": "ask",
  "price": 928.285,
  "amount": 6.70643889,
  "time": "22:22:37"
 },
 {
  "type": "ask",
  "price": 927,
  "amount": 0.1,
  "time": "22:22:32"
 },
 {
  "type": "bid",
  "price": 928.805,
  "amount": 0.11694095,
  "time": "22:22:23"
 }
][
 {
  "type": "ask",
  "price": 926.72001,
  "amount": 0.1,
  "time": "22:25:56"
 },
 {
  "type": "ask",
  "price": 926.72001,
  "amount": 0.1,
  "time": "22:25:36"
 },
 {
  "type": "ask",
  "price": 928.14501,
  "amount": 1.1327892,
  "time": "22:23:1"
 },
 {
  "type": "bid",
  "price": 929.57,
  "amount": 0.44299943,
  "time": "22:22:58"
 },
 {
  "type": "bid",
  "price": 929.57,
  "amount": 0.50068486,
  "time": "22:22:52"
 },
 {
  "type": "ask",
  "price": 928.14943,
  "amount": 3.06149646,
  "time": "22:22:47"
 },
 {
  "type": "ask",
  "price": 927,
  "amount": 0.00844994,
  "time": "22:22:43"
 },
 {
  "type": "bid",
  "price": 929.57,
  "amount": 0.69498123,
  "time": "22:22:42"
 },
 {
  "type": "bid",
  "price": 929.57,
  "amount": 0.6217801,
  "time": "22:22:41"
 },
 {
  "type": "ask",
  "price": 928.285,
  "amount": 6.70643889,
  "time": "22:22:37"
 }
][
 {
  "type": "ask",
  "price": 926,
  "amount": 0.19,
  "time": "22:27:55"
 },
 {
  "type": "bid",
  "price": 926.96492,
  "amount": 0.66077875,
  "time": "22:27:44"
 },
 {
  "type": "ask",
  "price": 926,
  "amount": 0.1494,
  "time": "22:27:37"
 },
 {
  "type": "bid",
  "price": 927.33,
  "amount": 0.263,
  "time": "22:27:33"
 },
 {
  "type": "ask",
  "price": 926,
  "amount": 0.15210025,
  "time": "22:27:33"
 },
 {
  "type": "ask",
  "price": 926,
  "amount": 4.14273929,
  "time": "22:27:10"
 },
 {
  "type": "ask",
  "price": 926.44419,
  "amount": 0.1052715,
  "time": "22:27:10"
 },
 {
  "type": "ask",
  "price": 926.70775,
  "amount": 0.27655461,
  "time": "22:27:10"
 },
 {
  "type": "bid",
  "price": 927.3504,
  "amount": 0.11449862,
  "time": "22:26:57"
 },
 {
  "type": "bid",
  "price": 927.3504,
  "amount": 0.27750138,
  "time": "22:26:55"
 }
][
 {
  "type": "ask",
  "price": 926.8276,
  "amount": 6.24300509,
  "time": "22:28:33"
 },
 {
  "type": "ask",
  "price": 926.8276,
  "amount": 0.01261553,
  "time": "22:28:32"
 },
 {
  "type": "ask",
  "price": 926,
  "amount": 0.02173,
  "time": "22:28:23"
 },
 {
  "type": "ask",
  "price": 926,
  "amount": 0.102192,
  "time": "22:28:22"
 },
 {
  "type": "ask",
  "price": 926,
  "amount": 0.06588295,
  "time": "22:28:19"
 },
 {
  "type": "bid",
  "price": 927,
  "amount": 5.47218922,
  "time": "22:28:13"
 },
 {
  "type": "ask",
  "price": 926,
  "amount": 0.19,
  "time": "22:27:55"
 },
 {
  "type": "bid",
  "price": 926.96492,
  "amount": 0.66077875,
  "time": "22:27:44"
 },
 {
  "type": "ask",
  "price": 926,
  "amount": 0.1494,
  "time": "22:27:37"
 },
 {
  "type": "bid",
  "price": 927.33,
  "amount": 0.263,
  "time": "22:27:33"
 }
][
 {
  "type": "ask",
  "price": 926,
  "amount": 0.3840513,
  "time": "22:28:36"
 }
][
 {
  "type": "ask",
  "price": 926.4138,
  "amount": 5.76915577,
  "time": "22:28:38"
 }
][
 {
  "type": "ask",
  "price": 926,
  "amount": 0.1,
  "time": "22:29:38"
 }
][
 {
  "type": "ask",
  "price": 926,
  "amount": 0.06945551,
  "time": "22:29:53"
 }
][
 {
  "type": "ask",
  "price": 926,
  "amount": 0.107,
  "time": "22:29:58"
 }
][
 {
  "type": "ask",
  "price": 922.14553,
  "amount": 3.16508435,
  "time": "22:44:19"
 },
 {
  "type": "ask",
  "price": 922.14553,
  "amount": 3.21031267,
  "time": "22:44:5"
 },
 {
  "type": "ask",
  "price": 922.14553,
  "amount": 1.011799,
  "time": "22:43:13"
 },
 {
  "type": "ask",
  "price": 922.14553,
  "amount": 1.65596296,
  "time": "22:42:45"
 },
 {
  "type": "ask",
  "price": 920.94746,
  "amount": 2.65743505,
  "time": "22:39:33"
 },
 {
  "type": "bid",
  "price": 922,
  "amount": 0.0211,
  "time": "22:39:33"
 },
 {
  "type": "bid",
  "price": 920,
  "amount": 0.41861027,
  "time": "22:39:2"
 },
 {
  "type": "bid",
  "price": 920,
  "amount": 0.01193203,
  "time": "22:39:1"
 },
 {
  "type": "ask",
  "price": 920,
  "amount": 0.2694577,
  "time": "22:39:0"
 },
 {
  "type": "ask",
  "price": 920,
  "amount": 0.5,
  "time": "22:38:53"
 }
][
 {
  "type": "ask",
  "price": 919.895,
  "amount": 0.025,
  "time": "22:45:12"
 }
][
 {
  "type": "bid",
  "price": 919.895,
  "amount": 0.01765,
  "time": "22:45:13"
 }
][
 {
  "type": "bid",
  "price": 924.39607,
  "amount": 0.1158452,
  "time": "22:45:44"
 }
][
 {
  "type": "bid",
  "price": 924.39607,
  "amount": 0.05,
  "time": "22:45:50"
 },
 {
  "type": "bid",
  "price": 924.39607,
  "amount": 0.15987618,
  "time": "22:45:50"
 }
][
 {
  "type": "ask",
  "price": 922.62736,
  "amount": 1.36593124,
  "time": "22:46:3"
 }
][
 {
  "type": "bid",
  "price": 925,
  "amount": 0.014392,
  "time": "22:46:18"
 }
][
 {
  "type": "bid",
  "price": 922,
  "amount": 0.3992002,
  "time": "22:47:3"
 }
][
 {
  "type": "bid",
  "price": 925.9537,
  "amount": 0.13560917,
  "time": "22:47:47"
 }
][
 {
  "type": "bid",
  "price": 926.24546,
  "amount": 0.27622285,
  "time": "22:48:6"
 }
][
 {
  "type": "bid",
  "price": 926.24546,
  "amount": 0.13799715,
  "time": "22:48:58"
 }
][
 {
  "type": "bid",
  "price": 926.34546,
  "amount": 0.0260902,
  "time": "22:49:49"
 }
][
 {
  "type": "ask",
  "price": 923.30025,
  "amount": 5.27538257,
  "time": "22:50:12"
 }
][
 {
  "type": "ask",
  "price": 923.30025,
  "amount": 0.64115673,
  "time": "22:50:17"
 }
][
 {
  "type": "bid",
  "price": 926.24546,
  "amount": 0.39351,
  "time": "22:50:36"
 }
][
 {
  "type": "ask",
  "price": 920.25512,
  "amount": 1.35,
  "time": "22:51:3"
 }
][
 {
  "type": "bid",
  "price": 926.24546,
  "amount": 0.37383,
  "time": "22:51:25"
 }
][
 {
  "type": "bid",
  "price": 927.63146,
  "amount": 0.27549961,
  "time": "22:52:48"
 },
 {
  "type": "bid",
  "price": 926.34546,
  "amount": 0.0640238,
  "time": "22:52:48"
 },
 {
  "type": "bid",
  "price": 926.24546,
  "amount": 0.35514,
  "time": "22:52:48"
 },
 {
  "type": "bid",
  "price": 926.14546,
  "amount": 0.33738,
  "time": "22:52:48"
 }
][
 {
  "type": "ask",
  "price": 928,
  "amount": 0.01531976,
  "time": "22:52:55"
 }
][
 {
  "type": "ask",
  "price": 928.33031,
  "amount": 1.14248831,
  "time": "22:53:6"
 }
][
 {
  "type": "bid",
  "price": 928.45,
  "amount": 0.29915561,
  "time": "22:53:59"
 }
][
 {
  "type": "bid",
  "price": 928.45,
  "amount": 0.56223295,
  "time": "22:54:12"
 }
][
 {
  "type": "ask",
  "price": 925.97,
  "amount": 2.4772101,
  "time": "22:54:15"
 }
][
 {
  "type": "ask",
  "price": 925.745,
  "amount": 4.98976849,
  "time": "22:54:25"
 }
][
 {
  "type": "ask",
  "price": 925.745,
  "amount": 0.50569732,
  "time": "22:54:42"
 }
][
 {
  "type": "ask",
  "price": 925.745,
  "amount": 5.33232351,
  "time": "22:56:22"
 }
][
 {
  "type": "ask",
  "price": 925.745,
  "amount": 6.62446732,
  "time": "22:56:25"
 }
][
 {
  "type": "ask",
  "price": 925.745,
  "amount": 1.85952198,
  "time": "22:57:10"
 }
][
 {
  "type": "bid",
  "price": 927.9,
  "amount": 0.17351972,
  "time": "22:58:57"
 }
][
 {
  "type": "ask",
  "price": 925.6878,
  "amount": 2.56205752,
  "time": "22:59:45"
 }
][
 {
  "type": "ask",
  "price": 923.47559,
  "amount": 0.27624958,
  "time": "23:2:12"
 }
][
 {
  "type": "bid",
  "price": 923.475,
  "amount": 0.37375042,
  "time": "23:2:13"
 }
][
 {
  "type": "ask",
  "price": 924.455,
  "amount": 4.08475703,
  "time": "23:2:45"
 }
][
 {
  "type": "ask",
  "price": 921.29,
  "amount": 0.50141106,
  "time": "23:3:48"
 },
 {
  "type": "ask",
  "price": 921.29,
  "amount": 1.129602,
  "time": "23:3:47"
 }
][
 {
  "type": "bid",
  "price": 925,
  "amount": 0.1504875,
  "time": "23:5:18"
 }
][
 {
  "type": "ask",
  "price": 924.36284,
  "amount": 6.03981513,
  "time": "23:5:59"
 }
][
 {
  "type": "ask",
  "price": 924.44784,
  "amount": 4.78446783,
  "time": "23:6:37"
 }
][
 {
  "type": "ask",
  "price": 922.68598,
  "amount": 0.0351552,
  "time": "23:6:56"
 }
][
 {
  "type": "ask",
  "price": 924.44784,
  "amount": 2.67772538,
  "time": "23:7:6"
 }
][
 {
  "type": "ask",
  "price": 924.44783,
  "amount": 2.35879443,
  "time": "23:9:21"
 }
][
 {
  "type": "bid",
  "price": 927.61999,
  "amount": 0.0176177,
  "time": "23:9:43"
 }
][
 {
  "type": "ask",
  "price": 921.27568,
  "amount": 0.1,
  "time": "23:9:59"
 }
][
 {
  "type": "ask",
  "price": 924.44783,
  "amount": 6.81029931,
  "time": "23:10:37"
 }
][
 {
  "type": "ask",
  "price": 921.27568,
  "amount": 0.02178819,
  "time": "23:11:34"
 },
 {
  "type": "ask",
  "price": 921.27568,
  "amount": 0.0160512,
  "time": "23:11:34"
 }
][
 {
  "type": "ask",
  "price": 921.00157,
  "amount": 1.93278133,
  "time": "23:12:43"
 }
][
 {
  "type": "ask",
  "price": 921.00158,
  "amount": 3.794,
  "time": "23:12:54"
 }
][
 {
  "type": "ask",
  "price": 921.00161,
  "amount": 0.30566572,
  "time": "23:13:7"
 }
][
 {
  "type": "bid",
  "price": 923,
  "amount": 0.05103878,
  "time": "23:14:6"
 }
][
 {
  "type": "ask",
  "price": 923.92252,
  "amount": 7.00984798,
  "time": "23:14:8"
 }
][
 {
  "type": "ask",
  "price": 924.09985,
  "amount": 0.03719437,
  "time": "23:15:1"
 }
][
 {
  "type": "ask",
  "price": 924.4035,
  "amount": 3.65398636,
  "time": "23:15:6"
 }
][
 {
  "type": "bid",
  "price": 926.80701,
  "amount": 0.065,
  "time": "23:15:25"
 }
][
 {
  "type": "bid",
  "price": 927.21924,
  "amount": 4.3685161,
  "time": "23:15:40"
 }
][
 {
  "type": "bid",
  "price": 927.21924,
  "amount": 3.48389071,
  "time": "23:15:45"
 }
][
 {
  "type": "bid",
  "price": 927.21924,
  "amount": 5.28291894,
  "time": "23:16:24"
 }
][
 {
  "type": "ask",
  "price": 922.00168,
  "amount": 1.12954242,
  "time": "23:18:37"
 },
 {
  "type": "ask",
  "price": 922.00166,
  "amount": 1.06134857,
  "time": "23:18:35"
 },
 {
  "type": "ask",
  "price": 922.01,
  "amount": 0.06819258,
  "time": "23:18:35"
 }
][
 {
  "type": "ask",
  "price": 922.0017,
  "amount": 1.12954369,
  "time": "23:18:38"
 }
][
 {
  "type": "ask",
  "price": 922.00172,
  "amount": 1.12954622,
  "time": "23:18:41"
 },
 {
  "type": "ask",
  "price": 922.0017,
  "amount": 1.12954495,
  "time": "23:18:39"
 }
][
 {
  "type": "ask",
  "price": 922.00173,
  "amount": 1.12954749,
  "time": "23:18:42"
 }
][
 {
  "type": "ask",
  "price": 924.81661,
  "amount": 1.12955002,
  "time": "23:18:45"
 },
 {
  "type": "ask",
  "price": 922.00176,
  "amount": 1.12954876,
  "time": "23:18:44"
 }
][
 {
  "type": "ask",
  "price": 922.00178,
  "amount": 1.10924453,
  "time": "23:18:47"
 },
 {
  "type": "ask",
  "price": 923.18681,
  "amount": 0.0203102,
  "time": "23:18:47"
 },
 {
  "type": "ask",
  "price": 924.81661,
  "amount": 4.2571064,
  "time": "23:18:45"
 }
][
 {
  "type": "bid",
  "price": 924.81661,
  "amount": 1.12955002,
  "time": "23:18:49"
 },
 {
  "type": "ask",
  "price": 922.0018,
  "amount": 1.12955605,
  "time": "23:18:48"
 }
][
 {
  "type": "ask",
  "price": 922.00182,
  "amount": 1.12956296,
  "time": "23:18:51"
 },
 {
  "type": "ask",
  "price": 922.0018,
  "amount": 1.12955731,
  "time": "23:18:49"
 }
][
 {
  "type": "ask",
  "price": 922.00183,
  "amount": 1.12955982,
  "time": "23:18:52"
 }
][
 {
  "type": "ask",
  "price": 922.00186,
  "amount": 1.12956236,
  "time": "23:18:55"
 },
 {
  "type": "ask",
  "price": 922.00185,
  "amount": 1.12956109,
  "time": "23:18:54"
 }
][
 {
  "type": "ask",
  "price": 922.00187,
  "amount": 1.12956363,
  "time": "23:18:56"
 }
][
 {
  "type": "ask",
  "price": 922.00189,
  "amount": 1.12956489,
  "time": "23:18:58"
 }
][
 {
  "type": "ask",
  "price": 922.00192,
  "amount": 1.12956743,
  "time": "23:19:1"
 },
 {
  "type": "ask",
  "price": 922.00191,
  "amount": 1.12956616,
  "time": "23:19:0"
 }
][
 {
  "type": "ask",
  "price": 922.00194,
  "amount": 1.02798322,
  "time": "23:19:5"
 },
 {
  "type": "ask",
  "price": 922.00193,
  "amount": 1.1295687,
  "time": "23:19:3"
 }
][
 {
  "type": "ask",
  "price": 922.10019,
  "amount": 0.1543576,
  "time": "23:19:39"
 }
][
 {
  "type": "bid",
  "price": 927.62,
  "amount": 0.11935534,
  "time": "23:20:3"
 },
 {
  "type": "ask",
  "price": 922.10035,
  "amount": 0.08849619,
  "time": "23:20:2"
 }
][
 {
  "type": "bid",
  "price": 927.62,
  "amount": 0.03,
  "time": "23:20:6"
 }
][
 {
  "type": "ask",
  "price": 924.68,
  "amount": 3.4777323,
  "time": "23:21:40"
 }
][
 {
  "type": "ask",
  "price": 924.69,
  "amount": 1.74153261,
  "time": "23:22:37"
 }
][
 {
  "type": "ask",
  "price": 924.69,
  "amount": 2.87925652,
  "time": "23:23:9"
 }
][
 {
  "type": "ask",
  "price": 924.725,
  "amount": 1.10573344,
  "time": "23:23:32"
 }
][
 {
  "type": "ask",
  "price": 924.73,
  "amount": 4.55347841,
  "time": "23:23:45"
 }
][
 {
  "type": "ask",
  "price": 924.73,
  "amount": 0.58878053,
  "time": "23:23:55"
 }
][
 {
  "type": "ask",
  "price": 924.73,
  "amount": 2.30685428,
  "time": "23:24:32"
 }
][
 {
  "type": "ask",
  "price": 924.73,
  "amount": 2.42188721,
  "time": "23:25:12"
 }
][
 {
  "type": "ask",
  "price": 924.73001,
  "amount": 5.01732153,
  "time": "23:25:21"
 }
][
 {
  "type": "ask",
  "price": 924.73001,
  "amount": 2.52442275,
  "time": "23:25:24"
 }
][
 {
  "type": "ask",
  "price": 924.73005,
  "amount": 0.71945429,
  "time": "23:26:49"
 }
][
 {
  "type": "ask",
  "price": 922.21017,
  "amount": 0.0180803,
  "time": "23:27:14"
 }
][
 {
  "type": "ask",
  "price": 924.725,
  "amount": 6.45771581,
  "time": "23:28:13"
 }
][
 {
  "type": "bid",
  "price": 927.24,
  "amount": 0.027,
  "time": "23:28:15"
 },
 {
  "type": "bid",
  "price": 924.725,
  "amount": 0.01161794,
  "time": "23:28:14"
 }
][
 {
  "type": "ask",
  "price": 924.725,
  "amount": 6.84754112,
  "time": "23:28:30"
 }
][
 {
  "type": "ask",
  "price": 922.2,
  "amount": 0.25384422,
  "time": "23:29:51"
 }
][
 {
  "type": "ask",
  "price": 925.62,
  "amount": 2.1368694,
  "time": "23:30:18"
 }
][
 {
  "type": "ask",
  "price": 925.62,
  "amount": 6.31597165,
  "time": "23:30:59"
 }
][
 {
  "type": "ask",
  "price": 922.2,
  "amount": 0.19615578,
  "time": "23:31:11"
 },
 {
  "type": "ask",
  "price": 924,
  "amount": 0.07,
  "time": "23:31:8"
 }
][
 {
  "type": "bid",
  "price": 925,
  "amount": 0.1,
  "time": "23:33:18"
 }
][
 {
  "type": "ask",
  "price": 923.13766,
  "amount": 6.47232582,
  "time": "23:33:24"
 }
][
 {
  "type": "ask",
  "price": 924.25716,
  "amount": 0.82799244,
  "time": "23:34:6"
 }
][
 {
  "type": "ask",
  "price": 924.25716,
  "amount": 0.83283312,
  "time": "23:34:13"
 }
][
 {
  "type": "bid",
  "price": 921.27544,
  "amount": 0.09,
  "time": "23:34:19"
 }
][
 {
  "type": "ask",
  "price": 924.25766,
  "amount": 0.89149509,
  "time": "23:34:38"
 }
][
 {
  "type": "ask",
  "price": 924.25766,
  "amount": 6.87495026,
  "time": "23:35:31"
 }
][
 {
  "type": "ask",
  "price": 927.24,
  "amount": 0.2265543,
  "time": "23:35:49"
 }
][
 {
  "type": "ask",
  "price": 924.45339,
  "amount": 5.52864561,
  "time": "23:36:56"
 }
][
 {
  "type": "ask",
  "price": 924.45339,
  "amount": 2.55983506,
  "time": "23:37:26"
 }
][
 {
  "type": "ask",
  "price": 921.27532,
  "amount": 0.022,
  "time": "23:37:36"
 }
][
 {
  "type": "ask",
  "price": 924.70609,
  "amount": 1.04477138,
  "time": "23:38:56"
 }
][
 {
  "type": "ask",
  "price": 924.70612,
  "amount": 6.05369368,
  "time": "23:41:38"
 }
][
 {
  "type": "ask",
  "price": 921.78093,
  "amount": 0.06199689,
  "time": "23:43:25"
 }
][
 {
  "type": "ask",
  "price": 924.12872,
  "amount": 4.47606941,
  "time": "23:43:36"
 }
][
 {
  "type": "ask",
  "price": 922.70202,
  "amount": 1.09888982,
  "time": "23:43:38"
 }
][
 {
  "type": "ask",
  "price": 921.27532,
  "amount": 0.0740183,
  "time": "23:44:16"
 }
][
 {
  "type": "ask",
  "price": 923.26735,
  "amount": 3.74187518,
  "time": "23:44:23"
 }
][
 {
  "type": "ask",
  "price": 923.26735,
  "amount": 2.95025747,
  "time": "23:45:2"
 }
][
 {
  "type": "ask",
  "price": 920.2547,
  "amount": 0.02669891,
  "time": "23:45:42"
 }
][
 {
  "type": "bid",
  "price": 920.2547,
  "amount": 0.05047615,
  "time": "23:46:4"
 },
 {
  "type": "ask",
  "price": 920.2547,
  "amount": 0.24995572,
  "time": "23:46:1"
 }
][
 {
  "type": "ask",
  "price": 920,
  "amount": 0.10046027,
  "time": "23:46:19"
 },
 {
  "type": "ask",
  "price": 920,
  "amount": 0.199,
  "time": "23:46:19"
 }
][
 {
  "type": "ask",
  "price": 921.91331,
  "amount": 0.98790939,
  "time": "23:46:24"
 }
][
 {
  "type": "ask",
  "price": 921.91331,
  "amount": 3.49179206,
  "time": "23:46:30"
 }
][
 {
  "type": "bid",
  "price": 919.43662,
  "amount": 2.1729468,
  "time": "23:46:42"
 },
 {
  "type": "ask",
  "price": 919.43662,
  "amount": 0.0714915,
  "time": "23:46:41"
 }
][
 {
  "type": "ask",
  "price": 921.87033,
  "amount": 6.84087614,
  "time": "23:47:26"
 }
][
 {
  "type": "ask",
  "price": 921.77434,
  "amount": 5.25337295,
  "time": "23:47:51"
 }
][
 {
  "type": "ask",
  "price": 919.35067,
  "amount": 0.08460749,
  "time": "23:49:24"
 }
][
 {
  "type": "ask",
  "price": 921.87033,
  "amount": 2.18094019,
  "time": "23:51:24"
 }
][
 {
  "type": "bid",
  "price": 924.19,
  "amount": 0.22164376,
  "time": "23:58:6"
 }
][
 {
  "type": "ask",
  "price": 919.35066,
  "amount": 0.13383239,
  "time": "23:58:57"
 }
][
 {
  "type": "ask",
  "price": 919.35066,
  "amount": 0.07452635,
  "time": "23:59:5"
 }
][
 {
  "type": "ask",
  "price": 921.30774,
  "amount": 1.07285212,
  "time": "23:59:20"
 }
][
 {
  "type": "ask",
  "price": 918,
  "amount": 0.13756368,
  "time": "23:59:35"
 },
 {
  "type": "ask",
  "price": 918,
  "amount": 0.01511285,
  "time": "23:59:35"
 },
 {
  "type": "ask",
  "price": 918.22414,
  "amount": 0.05037,
  "time": "23:59:35"
 },
 {
  "type": "ask",
  "price": 918.31086,
  "amount": 0.01243245,
  "time": "23:59:35"
 },
 {
  "type": "ask",
  "price": 918.42547,
  "amount": 0.0595572,
  "time": "23:59:35"
 }
][
 {
  "type": "ask",
  "price": 918,
  "amount": 0.154,
  "time": "23:59:50"
 }
][
 {
  "type": "ask",
  "price": 920.685,
  "amount": 5.32414922,
  "time": "0:1:42"
 }
][
 {
  "type": "ask",
  "price": 918,
  "amount": 0.4,
  "time": "0:3:30"
 },
 {
  "type": "ask",
  "price": 918,
  "amount": 0.13469891,
  "time": "0:3:30"
 }
][
 {
  "type": "bid",
  "price": 918,
  "amount": 0.10941982,
  "time": "0:3:32"
 },
 {
  "type": "bid",
  "price": 918,
  "amount": 0.05075965,
  "time": "0:3:31"
 }
][
 {
  "type": "bid",
  "price": 918,
  "amount": 0.02138605,
  "time": "0:3:34"
 }
][
 {
  "type": "ask",
  "price": 917.52252,
  "amount": 5.42600266,
  "time": "0:3:50"
 }
][
 {
  "type": "bid",
  "price": 918,
  "amount": 0.0989,
  "time": "0:4:6"
 }
][
 {
  "type": "bid",
  "price": 918,
  "amount": 0.0989,
  "time": "0:4:13"
 }
][
 {
  "type": "bid",
  "price": 918,
  "amount": 0.0989,
  "time": "0:4:20"
 }
][
 {
  "type": "bid",
  "price": 918,
  "amount": 0.11784524,
  "time": "0:4:35"
 },
 {
  "type": "ask",
  "price": 917.52252,
  "amount": 3.51438359,
  "time": "0:4:35"
 }
][
 {
  "type": "bid",
  "price": 918,
  "amount": 0.04541746,
  "time": "0:4:38"
 },
 {
  "type": "bid",
  "price": 918,
  "amount": 0.0639362,
  "time": "0:4:37"
 }
][
 {
  "type": "bid",
  "price": 917.9,
  "amount": 0.02641469,
  "time": "0:5:28"
 }
][
 {
  "type": "ask",
  "price": 917.47252,
  "amount": 1.03315032,
  "time": "0:5:44"
 }
][
 {
  "type": "bid",
  "price": 917.9,
  "amount": 0.27465441,
  "time": "0:6:23"
 }
][
 {
  "type": "ask",
  "price": 917.47252,
  "amount": 6.96011518,
  "time": "0:7:14"
 }
][
 {
  "type": "bid",
  "price": 917.9,
  "amount": 0.0611209,
  "time": "0:7:18"
 }
][
 {
  "type": "bid",
  "price": 918,
  "amount": 0.0760329,
  "time": "0:7:48"
 }
][
 {
  "type": "bid",
  "price": 918,
  "amount": 0.076831,
  "time": "0:7:50"
 }
][
 {
  "type": "ask",
  "price": 917.04504,
  "amount": 0.0384,
  "time": "0:8:18"
 }
][
 {
  "type": "ask",
  "price": 917.52252,
  "amount": 1.54088626,
  "time": "0:8:28"
 }
][
 {
  "type": "ask",
  "price": 917.52252,
  "amount": 2.87952543,
  "time": "0:8:42"
 }
][
 {
  "type": "bid",
  "price": 918,
  "amount": 0.05313734,
  "time": "0:9:19"
 }
][
 {
  "type": "ask",
  "price": 917.52252,
  "amount": 5.2162899,
  "time": "0:10:8"
 }
][
 {
  "type": "bid",
  "price": 918,
  "amount": 0.0662607,
  "time": "0:10:31"
 }
][
 {
  "type": "ask",
  "price": 917.52252,
  "amount": 2.95651573,
  "time": "0:11:2"
 }
][
 {
  "type": "ask",
  "price": 917.52252,
  "amount": 1.26367551,
  "time": "0:11:15"
 }
][
 {
  "type": "bid",
  "price": 918,
  "amount": 0.28796203,
  "time": "0:11:25"
 }
][
 {
  "type": "bid",
  "price": 918,
  "amount": 1.9096127,
  "time": "0:11:27"
 }
][
 {
  "type": "ask",
  "price": 920.25752,
  "amount": 1.80430967,
  "time": "0:11:41"
 }
][
 {
  "type": "ask",
  "price": 920.25752,
  "amount": 5.49706739,
  "time": "0:11:52"
 }
][
 {
  "type": "ask",
  "price": 920.15752,
  "amount": 2.64263327,
  "time": "0:14:41"
 }
][
 {
  "type": "ask",
  "price": 919.52252,
  "amount": 6.15313672,
  "time": "0:15:59"
 }
][
 {
  "type": "ask",
  "price": 919.42252,
  "amount": 4.07658983,
  "time": "0:17:13"
 }
][
 {
  "type": "ask",
  "price": 919.42252,
  "amount": 3.48913355,
  "time": "0:18:13"
 }
][
 {
  "type": "ask",
  "price": 917.04506,
  "amount": 0.29777638,
  "time": "0:18:22"
 }
][
 {
  "type": "bid",
  "price": 923.07,
  "amount": 0.1411179,
  "time": "0:20:15"
 },
 {
  "type": "bid",
  "price": 921.9,
  "amount": 0.31212,
  "time": "0:20:15"
 },
 {
  "type": "bid",
  "price": 921.8,
  "amount": 0.29652,
  "time": "0:20:15"
 },
 {
  "type": "bid",
  "price": 921.7,
  "amount": 0.04300335,
  "time": "0:20:15"
 },
 {
  "type": "bid",
  "price": 921.7,
  "amount": 0.33192,
  "time": "0:20:15"
 }
][
 {
  "type": "bid",
  "price": 923.16,
  "amount": 0.93725103,
  "time": "0:20:16"
 },
 {
  "type": "bid",
  "price": 923.07,
  "amount": 0.1874321,
  "time": "0:20:16"
 }
][
 {
  "type": "ask",
  "price": 920.11001,
  "amount": 7.0292641,
  "time": "0:21:33"
 }
][
 {
  "type": "ask",
  "price": 920.36,
  "amount": 4.20027624,
  "time": "0:24:0"
 }
][
 {
  "type": "ask",
  "price": 920.16501,
  "amount": 2.21443263,
  "time": "0:24:47"
 }
][
 {
  "type": "ask",
  "price": 920.585,
  "amount": 4.0024286,
  "time": "0:26:30"
 }
][
 {
  "type": "ask",
  "price": 920.26,
  "amount": 1.41672086,
  "time": "0:28:14"
 }
][
 {
  "type": "ask",
  "price": 918.01001,
  "amount": 0.25,
  "time": "0:29:46"
 }
][
 {
  "type": "ask",
  "price": 920.6,
  "amount": 6.37392541,
  "time": "0:30:16"
 }
][
 {
  "type": "ask",
  "price": 920.81501,
  "amount": 4.13997376,
  "time": "0:31:13"
 }
][
 {
  "type": "ask",
  "price": 930.87817,
  "amount": 0.01695369,
  "time": "0:31:33"
 },
 {
  "type": "bid",
  "price": 930.87817,
  "amount": 0.27582774,
  "time": "0:31:32"
 },
 {
  "type": "bid",
  "price": 930,
  "amount": 0.5,
  "time": "0:31:32"
 },
 {
  "type": "bid",
  "price": 930,
  "amount": 0.05009365,
  "time": "0:31:32"
 },
 {
  "type": "bid",
  "price": 929.99987,
  "amount": 1.07742381,
  "time": "0:31:32"
 },
 {
  "type": "bid",
  "price": 929.56573,
  "amount": 0.04322056,
  "time": "0:31:32"
 },
 {
  "type": "bid",
  "price": 928.76407,
  "amount": 0.25811086,
  "time": "0:31:32"
 },
 {
  "type": "bid",
  "price": 927.63146,
  "amount": 0.27607268,
  "time": "0:31:32"
 },
 {
  "type": "bid",
  "price": 924.39607,
  "amount": 0.27454367,
  "time": "0:31:32"
 },
 {
  "type": "bid",
  "price": 923.4803,
  "amount": 0.1056653,
  "time": "0:31:32"
 }
][
 {
  "type": "ask",
  "price": 923.65958,
  "amount": 0.0539387,
  "time": "0:31:37"
 }
][
 {
  "type": "bid",
  "price": 922.99,
  "amount": 0.27402112,
  "time": "0:32:6"
 }
][
 {
  "type": "ask",
  "price": 922.35706,
  "amount": 6.81285601,
  "time": "0:32:15"
 }
][
 {
  "type": "ask",
  "price": 925,
  "amount": 0.23,
  "time": "0:32:19"
 },
 {
  "type": "bid",
  "price": 923,
  "amount": 1,
  "time": "0:32:19"
 }
][
 {
  "type": "ask",
  "price": 921.72413,
  "amount": 0.04487946,
  "time": "0:32:37"
 }
][
 {
  "type": "ask",
  "price": 923.47559,
  "amount": 0.0975679,
  "time": "0:32:41"
 }
][
 {
  "type": "ask",
  "price": 923.47559,
  "amount": 0.0883598,
  "time": "0:32:45"
 }
][
 {
  "type": "ask",
  "price": 920.2547,
  "amount": 0.24479219,
  "time": "0:34:10"
 },
 {
  "type": "ask",
  "price": 921.72413,
  "amount": 0.01439764,
  "time": "0:34:10"
 },
 {
  "type": "ask",
  "price": 923.47559,
  "amount": 0.08809574,
  "time": "0:34:10"
 }
][
 {
  "type": "ask",
  "price": 924.03063,
  "amount": 1.54770711,
  "time": "0:34:34"
 }
][
 {
  "type": "ask",
  "price": 920.80218,
  "amount": 0.02,
  "time": "0:35:34"
 }
][
 {
  "type": "ask",
  "price": 926.55999,
  "amount": 0.20319479,
  "time": "0:37:51"
 },
 {
  "type": "bid",
  "price": 925.5,
  "amount": 0.6607,
  "time": "0:37:49"
 },
 {
  "type": "bid",
  "price": 925.49,
  "amount": 0.563,
  "time": "0:37:49"
 }
][
 {
  "type": "ask",
  "price": 926.55999,
  "amount": 0.13546064,
  "time": "0:37:53"
 }
][
 {
  "type": "ask",
  "price": 926.55999,
  "amount": 0.07543129,
  "time": "0:37:54"
 }
][
 {
  "type": "ask",
  "price": 926.55999,
  "amount": 0.08066317,
  "time": "0:37:57"
 },
 {
  "type": "ask",
  "price": 926.55999,
  "amount": 0.05199336,
  "time": "0:37:55"
 }
][
 {
  "type": "ask",
  "price": 926.55999,
  "amount": 0.52383939,
  "time": "0:38:10"
 }
][
 {
  "type": "ask",
  "price": 926.55999,
  "amount": 0.07371736,
  "time": "0:38:19"
 }
][
 {
  "type": "ask",
  "price": 923.78031,
  "amount": 0.04330034,
  "time": "0:38:21"
 }
][
 {
  "type": "ask",
  "price": 923.73624,
  "amount": 5.05867073,
  "time": "0:38:25"
 }
][
 {
  "type": "bid",
  "price": 931.11971,
  "amount": 2.34729058,
  "time": "0:40:23"
 },
 {
  "type": "bid",
  "price": 930.87817,
  "amount": 0.27455491,
  "time": "0:40:23"
 },
 {
  "type": "bid",
  "price": 930.76474,
  "amount": 0.2802547,
  "time": "0:40:23"
 },
 {
  "type": "bid",
  "price": 929.7125,
  "amount": 0.04321374,
  "time": "0:40:23"
 },
 {
  "type": "bid",
  "price": 927.63146,
  "amount": 0.27444317,
  "time": "0:40:23"
 },
 {
  "type": "bid",
  "price": 927.25908,
  "amount": 0.0982429,
  "time": "0:40:23"
 },
 {
  "type": "bid",
  "price": 927.25,
  "amount": 0.282,
  "time": "0:40:23"
 }
][
 {
  "type": "bid",
  "price": 928.73524,
  "amount": 0.01,
  "time": "0:40:46"
 }
][
 {
  "type": "ask",
  "price": 927.7215,
  "amount": 4.21317754,
  "time": "0:41:3"
 }
][
 {
  "type": "bid",
  "price": 927.7215,
  "amount": 2.06491914,
  "time": "0:41:17"
 }
][
 {
  "type": "bid",
  "price": 927.7215,
  "amount": 0.6655583,
  "time": "0:41:21"
 }
][
 {
  "type": "bid",
  "price": 927.7215,
  "amount": 6.68534562,
  "time": "0:41:30"
 }
][
 {
  "type": "ask",
  "price": 926.70775,
  "amount": 0.27397156,
  "time": "0:41:41"
 }
][
 {
  "type": "ask",
  "price": 927.51762,
  "amount": 0.83412737,
  "time": "0:42:42"
 }
][
 {
  "type": "ask",
  "price": 927.51762,
  "amount": 1.51163442,
  "time": "0:42:53"
 }
][
 {
  "type": "ask",
  "price": 926.3,
  "amount": 0.0180226,
  "time": "0:43:10"
 }
][
 {
  "type": "ask",
  "price": 928,
  "amount": 0.07311257,
  "time": "0:43:19"
 }
][
 {
  "type": "ask",
  "price": 928,
  "amount": 0.05778916,
  "time": "0:43:22"
 },
 {
  "type": "ask",
  "price": 928,
  "amount": 0.02729544,
  "time": "0:43:20"
 },
 {
  "type": "ask",
  "price": 928.36762,
  "amount": 4.57878855,
  "time": "0:43:20"
 }
][
 {
  "type": "ask",
  "price": 928,
  "amount": 0.01656781,
  "time": "0:43:25"
 },
 {
  "type": "ask",
  "price": 928,
  "amount": 0.0133423,
  "time": "0:43:24"
 }
][
 {
  "type": "ask",
  "price": 928,
  "amount": 0.01494111,
  "time": "0:43:30"
 }
][
 {
  "type": "ask",
  "price": 928,
  "amount": 0.0111638,
  "time": "0:43:31"
 }
][
 {
  "type": "ask",
  "price": 928,
  "amount": 0.02256551,
  "time": "0:43:37"
 },
 {
  "type": "ask",
  "price": 928,
  "amount": 0.01108636,
  "time": "0:43:36"
 }
][
 {
  "type": "ask",
  "price": 928,
  "amount": 0.11155183,
  "time": "0:43:39"
 }
][
 {
  "type": "ask",
  "price": 928,
  "amount": 0.01332784,
  "time": "0:43:41"
 },
 {
  "type": "ask",
  "price": 928,
  "amount": 0.01234423,
  "time": "0:43:40"
 }
][
 {
  "type": "ask",
  "price": 928,
  "amount": 0.01387572,
  "time": "0:43:44"
 },
 {
  "type": "ask",
  "price": 928,
  "amount": 0.0136559,
  "time": "0:43:43"
 }
][
 {
  "type": "ask",
  "price": 928.73524,
  "amount": 0.08376024,
  "time": "0:43:56"
 },
 {
  "type": "bid",
  "price": 928.73524,
  "amount": 0.35998,
  "time": "0:43:54"
 },
 {
  "type": "bid",
  "price": 928.63524,
  "amount": 0.35148,
  "time": "0:43:54"
 }
][
 {
  "type": "ask",
  "price": 928.73524,
  "amount": 0.16997333,
  "time": "0:43:57"
 },
 {
  "type": "ask",
  "price": 928.73524,
  "amount": 0.03480643,
  "time": "0:43:57"
 }
][
 {
  "type": "ask",
  "price": 928.63524,
  "amount": 0.03480643,
  "time": "0:44:1"
 },
 {
  "type": "ask",
  "price": 928.63524,
  "amount": 0.06925255,
  "time": "0:44:0"
 }
][
 {
  "type": "ask",
  "price": 928.73524,
  "amount": 0.036616,
  "time": "0:44:4"
 },
 {
  "type": "ask",
  "price": 928.73524,
  "amount": 0.963384,
  "time": "0:44:4"
 }
][
 {
  "type": "ask",
  "price": 928.63524,
  "amount": 1.008105,
  "time": "0:44:6"
 }
][
 {
  "type": "bid",
  "price": 928.83524,
  "amount": 0.0638455,
  "time": "0:44:34"
 },
 {
  "type": "bid",
  "price": 928.73524,
  "amount": 0.3339,
  "time": "0:44:34"
 }
][
 {
  "type": "ask",
  "price": 929,
  "amount": 0.05667598,
  "time": "0:44:36"
 }
][
 {
  "type": "ask",
  "price": 929,
  "amount": 0.07798193,
  "time": "0:44:42"
 }
][
 {
  "type": "ask",
  "price": 929,
  "amount": 0.12649024,
  "time": "0:45:1"
 }
][
 {
  "type": "ask",
  "price": 930.3089,
  "amount": 0.09149243,
  "time": "0:45:22"
 },
 {
  "type": "bid",
  "price": 930.3089,
  "amount": 0.31721,
  "time": "0:45:21"
 }
][
 {
  "type": "ask",
  "price": 930.3089,
  "amount": 0.01469508,
  "time": "0:45:24"
 },
 {
  "type": "ask",
  "price": 930.3089,
  "amount": 0.02214562,
  "time": "0:45:24"
 }
][
 {
  "type": "ask",
  "price": 930.3089,
  "amount": 0.0560643,
  "time": "0:45:25"
 }
][
 {
  "type": "ask",
  "price": 930.3089,
  "amount": 0.6019771,
  "time": "0:45:29"
 },
 {
  "type": "ask",
  "price": 930.3089,
  "amount": 0.04186265,
  "time": "0:45:28"
 },
 {
  "type": "ask",
  "price": 930.3089,
  "amount": 0.03580944,
  "time": "0:45:27"
 }
][
 {
  "type": "ask",
  "price": 930.3089,
  "amount": 0.59503949,
  "time": "0:45:30"
 },
 {
  "type": "ask",
  "price": 930.3089,
  "amount": 0.03912275,
  "time": "0:45:29"
 }
][
 {
  "type": "ask",
  "price": 930.3089,
  "amount": 0.17721094,
  "time": "0:45:31"
 }
][
 {
  "type": "ask",
  "price": 930.3089,
  "amount": 0.20224297,
  "time": "0:45:36"
 }
][
 {
  "type": "ask",
  "price": 930.3089,
  "amount": 0.0932398,
  "time": "0:45:57"
 }
][
 {
  "type": "ask",
  "price": 930.3089,
  "amount": 0.02713042,
  "time": "0:46:1"
 }
][
 {
  "type": "bid",
  "price": 930.3089,
  "amount": 0.01507,
  "time": "0:46:28"
 },
 {
  "type": "bid",
  "price": 930.2089,
  "amount": 0.28628,
  "time": "0:46:28"
 }
][
 {
  "type": "ask",
  "price": 928.13445,
  "amount": 5.64022887,
  "time": "0:46:30"
 }
][
 {
  "type": "bid",
  "price": 930.3089,
  "amount": 0.03473,
  "time": "0:46:56"
 }
][
 {
  "type": "ask",
  "price": 930.3089,
  "amount": 0.03387761,
  "time": "0:46:59"
 },
 {
  "type": "ask",
  "price": 930.3089,
  "amount": 0.01744438,
  "time": "0:46:58"
 }
][
 {
  "type": "ask",
  "price": 930.3089,
  "amount": 0.17124018,
  "time": "0:47:1"
 }
][
 {
  "type": "ask",
  "price": 930.3089,
  "amount": 0.0678727,
  "time": "0:47:5"
 },
 {
  "type": "ask",
  "price": 930.3089,
  "amount": 0.10331211,
  "time": "0:47:3"
 }
][
 {
  "type": "ask",
  "price": 930.3089,
  "amount": 0.11042546,
  "time": "0:47:7"
 },
 {
  "type": "ask",
  "price": 930.3089,
  "amount": 0.03000455,
  "time": "0:47:6"
 }
][
 {
  "type": "bid",
  "price": 930.40697,
  "amount": 0.30135,
  "time": "0:47:27"
 }
][
 {
  "type": "ask",
  "price": 928.18349,
  "amount": 7.11626606,
  "time": "0:48:15"
 }
][
 {
  "type": "bid",
  "price": 930.40697,
  "amount": 0.27197,
  "time": "0:48:25"
 }
][
 {
  "type": "bid",
  "price": 930.40697,
  "amount": 0.0968251,
  "time": "0:48:40"
 }
][
 {
  "type": "bid",
  "price": 930.30697,
  "amount": 0.04017374,
  "time": "0:49:20"
 }
][
 {
  "type": "bid",
  "price": 930.30697,
  "amount": 0.20527626,
  "time": "0:49:35"
 }
][
 {
  "type": "ask",
  "price": 925.97,
  "amount": 0.4,
  "time": "0:49:41"
 }
][
 {
  "type": "ask",
  "price": 928.228,
  "amount": 5.66518358,
  "time": "0:50:25"
 }
][
 {
  "type": "bid",
  "price": 931,
  "amount": 0.37702787,
  "time": "0:50:44"
 },
 {
  "type": "bid",
  "price": 930.87817,
  "amount": 0.15,
  "time": "0:50:44"
 },
 {
  "type": "bid",
  "price": 930.87817,
  "amount": 0.27458539,
  "time": "0:50:44"
 },
 {
  "type": "bid",
  "price": 930.50697,
  "amount": 0.05,
  "time": "0:50:44"
 },
 {
  "type": "bid",
  "price": 930.50697,
  "amount": 0.0315857,
  "time": "0:50:44"
 },
 {
  "type": "bid",
  "price": 930.40697,
  "amount": 0.24126,
  "time": "0:50:44"
 }
][
 {
  "type": "ask",
  "price": 929.6035,
  "amount": 6.2839545,
  "time": "0:51:4"
 }
][
 {
  "type": "bid",
  "price": 931,
  "amount": 0.22996514,
  "time": "0:51:20"
 }
][
 {
  "type": "ask",
  "price": 929.6035,
  "amount": 1.93676279,
  "time": "0:52:1"
 }
][
 {
  "type": "bid",
  "price": 931,
  "amount": 0.29920707,
  "time": "0:52:33"
 }
][
 {
  "type": "bid",
  "price": 929,
  "amount": 0.04594598,
  "time": "0:52:55"
 }
][
 {
  "type": "bid",
  "price": 928.9,
  "amount": 0.02,
  "time": "0:53:0"
 }
][
 {
  "type": "bid",
  "price": 928.9,
  "amount": 0.20919,
  "time": "0:53:6"
 }
][
 {
  "type": "bid",
  "price": 929,
  "amount": 0.25405402,
  "time": "0:53:37"
 }
][
 {
  "type": "bid",
  "price": 930,
  "amount": 0.0437897,
  "time": "0:53:58"
 }
][
 {
  "type": "bid",
  "price": 930,
  "amount": 0.03847441,
  "time": "0:55:11"
 },
 {
  "type": "bid",
  "price": 929.9,
  "amount": 0.21773,
  "time": "0:55:11"
 }
][
 {
  "type": "bid",
  "price": 930,
  "amount": 0.135442,
  "time": "0:55:17"
 }
][
 {
  "type": "bid",
  "price": 930,
  "amount": 0.08229389,
  "time": "0:55:17"
 }
][
 {
  "type": "bid",
  "price": 931,
  "amount": 0.05458092,
  "time": "0:55:50"
 },
 {
  "type": "bid",
  "price": 931,
  "amount": 0.09379992,
  "time": "0:55:50"
 },
 {
  "type": "bid",
  "price": 930.9,
  "amount": 0.20685,
  "time": "0:55:50"
 },
 {
  "type": "bid",
  "price": 930.8,
  "amount": 0.096,
  "time": "0:55:50"
 }
][
 {
  "type": "bid",
  "price": 931,
  "amount": 0.1035,
  "time": "0:56:31"
 },
 {
  "type": "bid",
  "price": 931,
  "amount": 0.00285,
  "time": "0:56:31"
 },
 {
  "type": "bid",
  "price": 930.9,
  "amount": 0.1965,
  "time": "0:56:31"
 }
][
 {
  "type": "ask",
  "price": 929.6035,
  "amount": 6.70847412,
  "time": "0:56:34"
 }
][
 {
  "type": "ask",
  "price": 929.5535,
  "amount": 1.24452705,
  "time": "0:56:55"
 }
][
 {
  "type": "bid",
  "price": 930.9,
  "amount": 1.12668073,
  "time": "0:57:7"
 },
 {
  "type": "bid",
  "price": 930.9,
  "amount": 1.12667772,
  "time": "0:57:5"
 }
][
 {
  "type": "bid",
  "price": 930.9,
  "amount": 1.12668396,
  "time": "0:57:8"
 },
 {
  "type": "bid",
  "price": 930.9,
  "amount": 0.59879939,
  "time": "0:57:7"
 }
][
 {
  "type": "bid",
  "price": 930.9,
  "amount": 0.21958535,
  "time": "0:57:42"
 }
][
 {
  "type": "ask",
  "price": 930.5,
  "amount": 0.84094517,
  "time": "0:58:27"
 }
][
 {
  "type": "ask",
  "price": 930.5,
  "amount": 5.65208377,
  "time": "0:58:37"
 }
][
 {
  "type": "ask",
  "price": 930.5,
  "amount": 1.16942368,
  "time": "0:59:22"
 }
][
 {
  "type": "ask",
  "price": 929.6585,
  "amount": 4.46988328,
  "time": "1:1:9"
 }
][
 {
  "type": "ask",
  "price": 929.6585,
  "amount": 3.50965987,
  "time": "1:1:31"
 }
][
 {
  "type": "ask",
  "price": 929.1035,
  "amount": 6.11881874,
  "time": "1:1:58"
 }
][
 {
  "type": "ask",
  "price": 929.0535,
  "amount": 4.62744464,
  "time": "1:3:0"
 }
][
 {
  "type": "bid",
  "price": 929.5,
  "amount": 0.0627376,
  "time": "1:3:3"
 }
][
 {
  "type": "bid",
  "price": 929,
  "amount": 0.0965,
  "time": "1:3:27"
 }
][
 {
  "type": "ask",
  "price": 928.8035,
  "amount": 4.70929838,
  "time": "1:3:34"
 }
][
 {
  "type": "ask",
  "price": 928.8035,
  "amount": 1.09295035,
  "time": "1:4:1"
 }
][
 {
  "type": "ask",
  "price": 928.7535,
  "amount": 3.92190282,
  "time": "1:4:37"
 }
][
 {
  "type": "bid",
  "price": 929.3,
  "amount": 0.16848,
  "time": "1:4:40"
 }
][
 {
  "type": "bid",
  "price": 929.4,
  "amount": 0.17734,
  "time": "1:4:47"
 }
][
 {
  "type": "bid",
  "price": 929.3,
  "amount": 0.0380536,
  "time": "1:4:50"
 }
][
 {
  "type": "bid",
  "price": 929.5,
  "amount": 0.03621832,
  "time": "1:4:53"
 },
 {
  "type": "bid",
  "price": 929.3,
  "amount": 0.1219964,
  "time": "1:4:51"
 }
][
 {
  "type": "bid",
  "price": 929.5,
  "amount": 0.00104408,
  "time": "1:4:54"
 }
][
 {
  "type": "bid",
  "price": 929.9,
  "amount": 0.13474306,
  "time": "1:5:25"
 },
 {
  "type": "bid",
  "price": 929.9,
  "amount": 0.05193694,
  "time": "1:5:24"
 }
][
 {
  "type": "bid",
  "price": 929.8,
  "amount": 0.08841171,
  "time": "1:5:37"
 }
][
 {
  "type": "ask",
  "price": 926.72,
  "amount": 0.60840195,
  "time": "1:7:0"
 },
 {
  "type": "ask",
  "price": 928.207,
  "amount": 0.04309384,
  "time": "1:7:0"
 },
 {
  "type": "ask",
  "price": 929.9,
  "amount": 0.94588389,
  "time": "1:7:0"
 },
 {
  "type": "ask",
  "price": 930.405,
  "amount": 3.72473476,
  "time": "1:6:59"
 }
][
 {
  "type": "ask",
  "price": 928.765,
  "amount": 6.30748946,
  "time": "1:7:29"
 }
][
 {
  "type": "bid",
  "price": 931.90292,
  "amount": 0.00072158,
  "time": "1:7:38"
 },
 {
  "type": "bid",
  "price": 931.89,
  "amount": 0.645,
  "time": "1:7:38"
 },
 {
  "type": "bid",
  "price": 931.11972,
  "amount": 0.05026926,
  "time": "1:7:38"
 },
 {
  "type": "bid",
  "price": 931.01,
  "amount": 0.15205,
  "time": "1:7:38"
 },
 {
  "type": "bid",
  "price": 930.91,
  "amount": 0.14445,
  "time": "1:7:38"
 },
 {
  "type": "bid",
  "price": 930.81,
  "amount": 0.13723,
  "time": "1:7:38"
 }
][
 {
  "type": "bid",
  "price": 931.90292,
  "amount": 0.02407412,
  "time": "1:8:7"
 }
][
 {
  "type": "ask",
  "price": 930.045,
  "amount": 1.52901161,
  "time": "1:9:6"
 }
][
 {
  "type": "ask",
  "price": 929.99,
  "amount": 2.75777299,
  "time": "1:10:8"
 }
][
 {
  "type": "ask",
  "price": 931,
  "amount": 0.0134,
  "time": "1:11:46"
 }
][
 {
  "type": "bid",
  "price": 929.89,
  "amount": 3.62450449,
  "time": "1:12:25"
 }
][
 {
  "type": "ask",
  "price": 929.22,
  "amount": 4.07978162,
  "time": "1:13:38"
 }
][
 {
  "type": "ask",
  "price": 928.92,
  "amount": 6.96030356,
  "time": "1:19:37"
 }
][
 {
  "type": "ask",
  "price": 928.92,
  "amount": 3.39460036,
  "time": "1:19:52"
 }
][
 {
  "type": "ask",
  "price": 928.92,
  "amount": 2.85780173,
  "time": "1:20:4"
 }
][
 {
  "type": "ask",
  "price": 926.72,
  "amount": 0.05048186,
  "time": "1:21:25"
 }
][
 {
  "type": "ask",
  "price": 926.72,
  "amount": 0.02391406,
  "time": "1:21:49"
 }
][
 {
  "type": "ask",
  "price": 928.82,
  "amount": 3.85998948,
  "time": "1:22:48"
 }
][
 {
  "type": "ask",
  "price": 928.82,
  "amount": 2.50644314,
  "time": "1:23:20"
 }
][
 {
  "type": "ask",
  "price": 928.82,
  "amount": 0.77661689,
  "time": "1:23:32"
 }
][
 {
  "type": "ask",
  "price": 928.82,
  "amount": 4.07020681,
  "time": "1:23:38"
 }
][
 {
  "type": "ask",
  "price": 928.82,
  "amount": 6.1495829,
  "time": "1:23:50"
 }
][
 {
  "type": "ask",
  "price": 926.72,
  "amount": 0.10085148,
  "time": "1:25:32"
 }
][
 {
  "type": "ask",
  "price": 926.72,
  "amount": 0.04665407,
  "time": "1:26:8"
 }
][
 {
  "type": "ask",
  "price": 926.72,
  "amount": 0.17099943,
  "time": "1:26:35"
 }
][
 {
  "type": "ask",
  "price": 929.17,
  "amount": 2.96474714,
  "time": "1:28:4"
 }
][
 {
  "type": "ask",
  "price": 929.07,
  "amount": 2.50423227,
  "time": "1:28:56"
 }
][
 {
  "type": "bid",
  "price": 931.72,
  "amount": 0.04,
  "time": "1:30:28"
 }
][
 {
  "type": "ask",
  "price": 926.72,
  "amount": 0.04598389,
  "time": "1:30:47"
 },
 {
  "type": "ask",
  "price": 926.81,
  "amount": 0.02,
  "time": "1:30:47"
 }
][
 {
  "type": "bid",
  "price": 933.47,
  "amount": 0.08,
  "time": "1:30:51"
 }
][
 {
  "type": "ask",
  "price": 929.36,
  "amount": 6.60502399,
  "time": "1:32:31"
 }
][
 {
  "type": "ask",
  "price": 929.355,
  "amount": 0.81851446,
  "time": "1:33:17"
 }
][
 {
  "type": "ask",
  "price": 929.355,
  "amount": 2.52911567,
  "time": "1:34:7"
 }
][
 {
  "type": "ask",
  "price": 929.355,
  "amount": 3.67103312,
  "time": "1:34:19"
 }
][
 {
  "type": "ask",
  "price": 929.355,
  "amount": 3.84060437,
  "time": "1:34:25"
 }
][
 {
  "type": "ask",
  "price": 929.355,
  "amount": 5.18536271,
  "time": "1:35:40"
 }
][
 {
  "type": "ask",
  "price": 929.355,
  "amount": 5.24309664,
  "time": "1:37:52"
 }
][
 {
  "type": "bid",
  "price": 929.355,
  "amount": 4.60021541,
  "time": "1:38:24"
 }
][
 {
  "type": "bid",
  "price": 929.305,
  "amount": 6.33215004,
  "time": "1:39:10"
 }
][
 {
  "type": "ask",
  "price": 929.255,
  "amount": 4.22639527,
  "time": "1:39:34"
 }
][
 {
  "type": "ask",
  "price": 926.72,
  "amount": 0.08255678,
  "time": "1:39:46"
 }
][
 {
  "type": "bid",
  "price": 929,
  "amount": 0.06,
  "time": "1:39:59"
 }
][
 {
  "type": "bid",
  "price": 929.925,
  "amount": 1.05037302,
  "time": "1:43:3"
 }
][
 {
  "type": "bid",
  "price": 929.825,
  "amount": 2.45322905,
  "time": "1:44:22"
 }
][
 {
  "type": "bid",
  "price": 929.725,
  "amount": 5.91079481,
  "time": "1:46:3"
 }
][
 {
  "type": "ask",
  "price": 932.53,
  "amount": 4.78364,
  "time": "1:47:40"
 },
 {
  "type": "ask",
  "price": 932.53,
  "amount": 3.26614,
  "time": "1:47:40"
 },
 {
  "type": "bid",
  "price": 932.53,
  "amount": 0.20883,
  "time": "1:47:40"
 },
 {
  "type": "bid",
  "price": 932.43,
  "amount": 0.19839,
  "time": "1:47:40"
 },
 {
  "type": "bid",
  "price": 932.42,
  "amount": 0.543,
  "time": "1:47:40"
 }
][
 {
  "type": "ask",
  "price": 929.56499,
  "amount": 5.99182862,
  "time": "1:49:18"
 }
][
 {
  "type": "ask",
  "price": 929.56499,
  "amount": 3.68006919,
  "time": "1:49:36"
 }
][
 {
  "type": "ask",
  "price": 929.51499,
  "amount": 2.96765395,
  "time": "1:49:57"
 }
][
 {
  "type": "ask",
  "price": 929.415,
  "amount": 4.04097496,
  "time": "1:51:23"
 }
][
 {
  "type": "ask",
  "price": 929.415,
  "amount": 6.29692582,
  "time": "1:51:35"
 }
][
 {
  "type": "ask",
  "price": 929.365,
  "amount": 1.24044195,
  "time": "1:52:2"
 }
][
 {
  "type": "bid",
  "price": 929.31853,
  "amount": 0.38077185,
  "time": "1:52:13"
 }
][
 {
  "type": "ask",
  "price": 929.415,
  "amount": 11.77908417,
  "time": "1:52:19"
 }
][
 {
  "type": "ask",
  "price": 929.415,
  "amount": 0.98459492,
  "time": "1:52:21"
 },
 {
  "type": "ask",
  "price": 929.415,
  "amount": 0.33767778,
  "time": "1:52:19"
 }
][
 {
  "type": "ask",
  "price": 929.415,
  "amount": 0.2805766,
  "time": "1:52:23"
 }
][
 {
  "type": "ask",
  "price": 929.415,
  "amount": 0.48083126,
  "time": "1:52:25"
 }
][
 {
  "type": "ask",
  "price": 929.415,
  "amount": 0.28656756,
  "time": "1:52:33"
 }
][
 {
  "type": "ask",
  "price": 929.415,
  "amount": 1.094342,
  "time": "1:52:44"
 }
][
 {
  "type": "bid",
  "price": 930.6625,
  "amount": 6.28596482,
  "time": "1:52:53"
 }
][
 {
  "type": "ask",
  "price": 929.415,
  "amount": 0.47067238,
  "time": "1:52:55"
 }
][
 {
  "type": "bid",
  "price": 930.6625,
  "amount": 2.68181408,
  "time": "1:53:3"
 }
][
 {
  "type": "bid",
  "price": 930.61249,
  "amount": 0.51284475,
  "time": "1:53:24"
 }
][
 {
  "type": "bid",
  "price": 930.8692,
  "amount": 0.01695371,
  "time": "1:54:26"
 }
][
 {
  "type": "bid",
  "price": 930.6,
  "amount": 0.18187922,
  "time": "1:54:56"
 },
 {
  "type": "bid",
  "price": 930.59,
  "amount": 0.271,
  "time": "1:54:56"
 }
][
 {
  "type": "ask",
  "price": 926.70983,
  "amount": 0.05820397,
  "time": "1:55:20"
 }
][
 {
  "type": "ask",
  "price": 926.70983,
  "amount": 0.03181923,
  "time": "1:55:22"
 }
][
 {
  "type": "ask",
  "price": 926.70775,
  "amount": 0.02929494,
  "time": "1:55:25"
 }
][
 {
  "type": "ask",
  "price": 926.70775,
  "amount": 0.06737837,
  "time": "1:55:28"
 },
 {
  "type": "ask",
  "price": 926.70775,
  "amount": 0.06416988,
  "time": "1:55:27"
 }
][
 {
  "type": "ask",
  "price": 926.70775,
  "amount": 0.04396632,
  "time": "1:55:38"
 },
 {
  "type": "ask",
  "price": 926.70775,
  "amount": 0.07074729,
  "time": "1:55:37"
 }
][
 {
  "type": "bid",
  "price": 926.70775,
  "amount": 0.11471361,
  "time": "1:55:54"
 }
][
 {
  "type": "ask",
  "price": 927.875,
  "amount": 2.72014276,
  "time": "1:56:59"
 }
][
 {
  "type": "bid",
  "price": 930.6,
  "amount": 0.271,
  "time": "1:57:6"
 }
][
 {
  "type": "ask",
  "price": 928.39409,
  "amount": 4.33855958,
  "time": "1:57:50"
 }
][
 {
  "type": "bid",
  "price": 928.39409,
  "amount": 0.09029346,
  "time": "1:58:2"
 },
 {
  "type": "ask",
  "price": 928.39409,
  "amount": 5.8903358,
  "time": "1:58:0"
 }
][
 {
  "type": "bid",
  "price": 928.39409,
  "amount": 0.09029346,
  "time": "1:58:6"
 }
][
 {
  "type": "bid",
  "price": 930.77817,
  "amount": 0.02783,
  "time": "1:58:18"
 },
 {
  "type": "bid",
  "price": 930.67817,
  "amount": 0.52874,
  "time": "1:58:18"
 }
][
 {
  "type": "ask",
  "price": 926.01,
  "amount": 1.13506631,
  "time": "1:58:23"
 }
][
 {
  "type": "bid",
  "price": 930.77817,
  "amount": 0.52874,
  "time": "1:58:27"
 }
][
 {
  "type": "bid",
  "price": 926.01,
  "amount": 0.1,
  "time": "1:58:28"
 }
][
 {
  "type": "bid",
  "price": 930.87,
  "amount": 0.27727447,
  "time": "1:58:43"
 }
][
 {
  "type": "ask",
  "price": 926.01,
  "amount": 1.1352041,
  "time": "1:58:49"
 },
 {
  "type": "ask",
  "price": 926.01,
  "amount": 1.13547985,
  "time": "1:58:47"
 }
][
 {
  "type": "ask",
  "price": 926,
  "amount": 0.22283104,
  "time": "1:58:53"
 },
 {
  "type": "ask",
  "price": 926.01,
  "amount": 1.13520623,
  "time": "1:58:51"
 },
 {
  "type": "ask",
  "price": 926.01,
  "amount": 1.13520531,
  "time": "1:58:50"
 }
][
 {
  "type": "ask",
  "price": 926.01,
  "amount": 1.13520623,
  "time": "1:58:51"
 },
 {
  "type": "ask",
  "price": 926.01,
  "amount": 1.13520531,
  "time": "1:58:50"
 },
 {
  "type": "ask",
  "price": 926.01,
  "amount": 1.1352041,
  "time": "1:58:49"
 },
 {
  "type": "ask",
  "price": 926.01,
  "amount": 1.13547985,
  "time": "1:58:47"
 },
 {
  "type": "bid",
  "price": 930.87,
  "amount": 0.27727447,
  "time": "1:58:43"
 },
 {
  "type": "bid",
  "price": 926.01,
  "amount": 0.1,
  "time": "1:58:28"
 },
 {
  "type": "bid",
  "price": 930.77817,
  "amount": 0.52874,
  "time": "1:58:27"
 },
 {
  "type": "ask",
  "price": 926.01,
  "amount": 1.13506631,
  "time": "1:58:23"
 },
 {
  "type": "bid",
  "price": 930.77817,
  "amount": 0.02783,
  "time": "1:58:18"
 },
 {
  "type": "bid",
  "price": 930.67817,
  "amount": 0.52874,
  "time": "1:58:18"
 }
][
 {
  "type": "ask",
  "price": 926,
  "amount": 0.22283104,
  "time": "1:58:53"
 }
][
 {
  "type": "bid",
  "price": 930.76,
  "amount": 0.50231,
  "time": "1:59:0"
 }
][
 {
  "type": "ask",
  "price": 930.76,
  "amount": 0.28389434,
  "time": "1:59:9"
 }
][
 {
  "type": "ask",
  "price": 926.01,
  "amount": 0.1526616,
  "time": "1:59:28"
 },
 {
  "type": "ask",
  "price": 926.01,
  "amount": 0.2732,
  "time": "1:59:27"
 }
][
 {
  "type": "bid",
  "price": 928.38499,
  "amount": 0.92409115,
  "time": "1:59:31"
 },
 {
  "type": "ask",
  "price": 926.01,
  "amount": 0.24526104,
  "time": "1:59:30"
 }
][
 {
  "type": "ask",
  "price": 926,
  "amount": 0.01363555,
  "time": "1:59:35"
 }
][
 {
  "type": "ask",
  "price": 926,
  "amount": 0.10018845,
  "time": "1:59:39"
 }
][
 {
  "type": "ask",
  "price": 926,
  "amount": 0.06851826,
  "time": "1:59:40"
 }
][
 {
  "type": "ask",
  "price": 926,
  "amount": 0.18865215,
  "time": "1:59:46"
 }
][
 {
  "type": "ask",
  "price": 926,
  "amount": 0.28662487,
  "time": "1:59:48"
 }
][
 {
  "type": "ask",
  "price": 926,
  "amount": 0.0927827,
  "time": "1:59:49"
 }
][
 {
  "type": "ask",
  "price": 926,
  "amount": 0.15748592,
  "time": "2:0:7"
 }
][
 {
  "type": "ask",
  "price": 926,
  "amount": 13.31064388,
  "time": "2:0:16"
 }
][
 {
  "type": "ask",
  "price": 925.151,
  "amount": 0.03199636,
  "time": "2:0:21"
 }
][
 {
  "type": "ask",
  "price": 925.1371,
  "amount": 0.0783748,
  "time": "2:3:0"
 }
][
 {
  "type": "ask",
  "price": 923.47559,
  "amount": 0.27481295,
  "time": "2:3:47"
 }
][
 {
  "type": "ask",
  "price": 925.51073,
  "amount": 3.7630431,
  "time": "2:3:56"
 }
][
 {
  "type": "ask",
  "price": 925.41123,
  "amount": 1.04201248,
  "time": "2:5:43"
 }
][
 {
  "type": "ask",
  "price": 924.8955,
  "amount": 2.3822665,
  "time": "2:7:5"
 }
][
 {
  "type": "ask",
  "price": 923.97718,
  "amount": 0.1875817,
  "time": "2:8:3"
 }
][
 {
  "type": "ask",
  "price": 923.391,
  "amount": 3.22092346,
  "time": "2:9:3"
 }
][
 {
  "type": "bid",
  "price": 926.1,
  "amount": 0.0680562,
  "time": "2:9:12"
 }
][
 {
  "type": "bid",
  "price": 926.3,
  "amount": 0.42677,
  "time": "2:9:14"
 }
][
 {
  "type": "bid",
  "price": 926.4,
  "amount": 0.44923,
  "time": "2:9:16"
 }
][
 {
  "type": "ask",
  "price": 925.36073,
  "amount": 5.42019345,
  "time": "2:10:29"
 }
][
 {
  "type": "ask",
  "price": 925.61573,
  "amount": 0.85382636,
  "time": "2:10:53"
 }
][
 {
  "type": "ask",
  "price": 925.56573,
  "amount": 0.78202883,
  "time": "2:11:32"
 }
][
 {
  "type": "ask",
  "price": 925.56573,
  "amount": 2.05209395,
  "time": "2:11:38"
 }
][
 {
  "type": "ask",
  "price": 924,
  "amount": 0.2781127,
  "time": "2:11:40"
 }
][
 {
  "type": "bid",
  "price": 925.56573,
  "amount": 4.16724036,
  "time": "2:11:55"
 }
][
 {
  "type": "ask",
  "price": 925.56573,
  "amount": 6.66201106,
  "time": "2:12:9"
 }
][
 {
  "type": "ask",
  "price": 924.5,
  "amount": 0.02846968,
  "time": "2:12:41"
 }
][
 {
  "type": "bid",
  "price": 925.81573,
  "amount": 0.60979855,
  "time": "2:12:53"
 }
][
 {
  "type": "ask",
  "price": 924.5,
  "amount": 1.135475,
  "time": "2:12:57"
 }
][
 {
  "type": "ask",
  "price": 924.5,
  "amount": 0.0379977,
  "time": "2:13:9"
 }
][
 {
  "type": "ask",
  "price": 925,
  "amount": 0.0860992,
  "time": "2:14:26"
 }
][
 {
  "type": "ask",
  "price": 925.5,
  "amount": 0.06523907,
  "time": "2:15:36"
 }
][
 {
  "type": "bid",
  "price": 926.76573,
  "amount": 6.59917355,
  "time": "2:16:6"
 }
][
 {
  "type": "bid",
  "price": 926.76573,
  "amount": 5.76269756,
  "time": "2:16:28"
 }
][
 {
  "type": "ask",
  "price": 927,
  "amount": 0.27709237,
  "time": "2:16:39"
 }
][
 {
  "type": "ask",
  "price": 925.195,
  "amount": 1.40317878,
  "time": "2:17:47"
 }
][
 {
  "type": "ask",
  "price": 925.195,
  "amount": 1.54631687,
  "time": "2:18:58"
 }
][
 {
  "type": "bid",
  "price": 923.39,
  "amount": 0.35738148,
  "time": "2:21:2"
 },
 {
  "type": "ask",
  "price": 923.39,
  "amount": 1.13400538,
  "time": "2:21:0"
 }
][
 {
  "type": "ask",
  "price": 923.38285,
  "amount": 0.0303575,
  "time": "2:21:4"
 }
][
 {
  "type": "ask",
  "price": 924.55789,
  "amount": 3.36870476,
  "time": "2:23:17"
 }
][
 {
  "type": "ask",
  "price": 924.55789,
  "amount": 0.44007289,
  "time": "2:24:13"
 }
][
 {
  "type": "bid",
  "price": 927,
  "amount": 0.030938,
  "time": "2:25:30"
 }
][
 {
  "type": "ask",
  "price": 924.43809,
  "amount": 3.00116787,
  "time": "2:26:10"
 }
][
 {
  "type": "bid",
  "price": 927.52,
  "amount": 0.39793,
  "time": "2:26:11"
 }
][
 {
  "type": "bid",
  "price": 927.52,
  "amount": 0.37803,
  "time": "2:28:7"
 },
 {
  "type": "bid",
  "price": 927.42,
  "amount": 0.35913,
  "time": "2:28:6"
 }
][
 {
  "type": "bid",
  "price": 927.63146,
  "amount": 0.27737586,
  "time": "2:28:12"
 },
 {
  "type": "bid",
  "price": 927.63046,
  "amount": 0.5068074,
  "time": "2:28:12"
 }
][
 {
  "type": "ask",
  "price": 926.10869,
  "amount": 5.09709235,
  "time": "2:29:51"
 }
][
 {
  "type": "ask",
  "price": 926.10869,
  "amount": 4.71501878,
  "time": "2:31:48"
 }
][
 {
  "type": "ask",
  "price": 926.10869,
  "amount": 4.07575101,
  "time": "2:31:52"
 }
][
 {
  "type": "bid",
  "price": 928.74179,
  "amount": 0.04,
  "time": "2:32:1"
 }
][
 {
  "type": "ask",
  "price": 926.10869,
  "amount": 2.57817943,
  "time": "2:33:16"
 }
][
 {
  "type": "ask",
  "price": 926.10869,
  "amount": 4.70642579,
  "time": "2:33:38"
 }
][
 {
  "type": "ask",
  "price": 926.10869,
  "amount": 5.99806053,
  "time": "2:34:18"
 }
][
 {
  "type": "ask",
  "price": 926.10869,
  "amount": 1.75668854,
  "time": "2:35:2"
 }
][
 {
  "type": "ask",
  "price": 926.10869,
  "amount": 6.36778385,
  "time": "2:37:30"
 }
][
 {
  "type": "bid",
  "price": 928.74179,
  "amount": 0.0724852,
  "time": "2:38:25"
 }
][
 {
  "type": "ask",
  "price": 926.7328,
  "amount": 4.30482846,
  "time": "2:38:54"
 }
][
 {
  "type": "bid",
  "price": 929.99,
  "amount": 0.102,
  "time": "2:42:20"
 }
][
 {
  "type": "ask",
  "price": 926.795,
  "amount": 2.59120591,
  "time": "2:45:45"
 }
][
 {
  "type": "ask",
  "price": 926.795,
  "amount": 7.09530539,
  "time": "2:46:30"
 }
][
 {
  "type": "ask",
  "price": 927.09838,
  "amount": 3.19525744,
  "time": "2:47:40"
 }
][
 {
  "type": "bid",
  "price": 927.09838,
  "amount": 0.20484686,
  "time": "2:47:42"
 }
][
 {
  "type": "ask",
  "price": 927.09872,
  "amount": 4.49719585,
  "time": "2:48:36"
 }
][
 {
  "type": "ask",
  "price": 928.1436,
  "amount": 6.34583434,
  "time": "2:49:3"
 }
][
 {
  "type": "bid",
  "price": 928.1436,
  "amount": 0.31375837,
  "time": "2:49:7"
 }
][
 {
  "type": "ask",
  "price": 928.1436,
  "amount": 3.06059232,
  "time": "2:49:25"
 }
][
 {
  "type": "bid",
  "price": 929.99,
  "amount": 0.5,
  "time": "2:49:58"
 }
][
 {
  "type": "ask",
  "price": 928.1436,
  "amount": 1.45113545,
  "time": "2:50:7"
 }
][
 {
  "type": "ask",
  "price": 928.1436,
  "amount": 4.14890614,
  "time": "2:50:19"
 }
][
 {
  "type": "ask",
  "price": 928.1436,
  "amount": 6.4827586,
  "time": "2:50:26"
 }
][
 {
  "type": "bid",
  "price": 928.1436,
  "amount": 0.119,
  "time": "2:50:30"
 }
][
 {
  "type": "ask",
  "price": 928.1486,
  "amount": 4.39959557,
  "time": "2:51:21"
 }
][
 {
  "type": "bid",
  "price": 930,
  "amount": 0.33691052,
  "time": "2:52:36"
 }
][
 {
  "type": "ask",
  "price": 929.39242,
  "amount": 3.65400324,
  "time": "2:52:44"
 }
][
 {
  "type": "ask",
  "price": 929.39242,
  "amount": 4.45996824,
  "time": "2:53:5"
 }
][
 {
  "type": "bid",
  "price": 930.78483,
  "amount": 0.06557753,
  "time": "2:53:47"
 }
][
 {
  "type": "ask",
  "price": 929.39242,
  "amount": 3.33535308,
  "time": "2:53:56"
 }
][
 {
  "type": "ask",
  "price": 929.63429,
  "amount": 7.13142873,
  "time": "2:54:19"
 }
][
 {
  "type": "bid",
  "price": 930.78484,
  "amount": 0.0753771,
  "time": "2:54:34"
 }
][
 {
  "type": "bid",
  "price": 930.87817,
  "amount": 0.27727447,
  "time": "2:54:36"
 }
][
 {
  "type": "ask",
  "price": 930,
  "amount": 4.18847527,
  "time": "2:54:39"
 }
][
 {
  "type": "ask",
  "price": 930,
  "amount": 2.9968281,
  "time": "2:55:1"
 }
][
 {
  "type": "ask",
  "price": 930.20754,
  "amount": 3.12754138,
  "time": "2:56:37"
 }
][
 {
  "type": "ask",
  "price": 930,
  "amount": 0.05282236,
  "time": "2:56:52"
 }
][
 {
  "type": "ask",
  "price": 930,
  "amount": 0.29564694,
  "time": "2:57:26"
 }
][
 {
  "type": "ask",
  "price": 930,
  "amount": 0.23479512,
  "time": "2:57:29"
 }
][
 {
  "type": "ask",
  "price": 930,
  "amount": 1.07452945,
  "time": "2:57:31"
 }
][
 {
  "type": "ask",
  "price": 931.00005,
  "amount": 2.03419974,
  "time": "2:57:57"
 }
][
 {
  "type": "bid",
  "price": 931,
  "amount": 0.3,
  "time": "2:58:26"
 }
][
 {
  "type": "bid",
  "price": 931.5,
  "amount": 0.199,
  "time": "2:58:46"
 }
][
 {
  "type": "bid",
  "price": 932.55352,
  "amount": 0.0156158,
  "time": "3:0:14"
 }
][
 {
  "type": "bid",
  "price": 932.55352,
  "amount": 0.1,
  "time": "3:1:2"
 }
][
 {
  "type": "bid",
  "price": 931.48676,
  "amount": 3.62764543,
  "time": "3:3:23"
 }
][
 {
  "type": "bid",
  "price": 931.48676,
  "amount": 6.95827607,
  "time": "3:3:56"
 }
][
 {
  "type": "bid",
  "price": 931.48676,
  "amount": 1.7027338,
  "time": "3:4:31"
 }
][
 {
  "type": "ask",
  "price": 931.48676,
  "amount": 2.15442985,
  "time": "3:5:39"
 }
][
 {
  "type": "bid",
  "price": 931.48676,
  "amount": 1.41530927,
  "time": "3:7:55"
 }
][
 {
  "type": "ask",
  "price": 930,
  "amount": 0.93091203,
  "time": "3:8:19"
 },
 {
  "type": "ask",
  "price": 930.42,
  "amount": 0.0165005,
  "time": "3:8:19"
 }
][
 {
  "type": "bid",
  "price": 932.55352,
  "amount": 0.06802525,
  "time": "3:10:9"
 }
][
 {
  "type": "ask",
  "price": 931.27677,
  "amount": 5.19993081,
  "time": "3:11:7"
 }
][
 {
  "type": "bid",
  "price": 932.55353,
  "amount": 0.0627996,
  "time": "3:11:13"
 }
][
 {
  "type": "ask",
  "price": 932.06812,
  "amount": 5.09546765,
  "time": "3:12:7"
 }
][
 {
  "type": "ask",
  "price": 932.06812,
  "amount": 2.12472345,
  "time": "3:12:13"
 }
][
 {
  "type": "ask",
  "price": 932.06812,
  "amount": 4.89845875,
  "time": "3:13:30"
 }
][
 {
  "type": "ask",
  "price": 932.07312,
  "amount": 5.86372441,
  "time": "3:15:27"
 }
][
 {
  "type": "ask",
  "price": 930.01,
  "amount": 2.53544647,
  "time": "3:16:33"
 }
][
 {
  "type": "ask",
  "price": 930.84309,
  "amount": 0.03271709,
  "time": "3:16:39"
 }
][
 {
  "type": "ask",
  "price": 930,
  "amount": 0.22030623,
  "time": "3:16:42"
 },
 {
  "type": "ask",
  "price": 930.01,
  "amount": 0.46455353,
  "time": "3:16:42"
 },
 {
  "type": "ask",
  "price": 930.84309,
  "amount": 0.04288801,
  "time": "3:16:42"
 }
][
 {
  "type": "ask",
  "price": 930,
  "amount": 0.25573668,
  "time": "3:18:19"
 }
][
 {
  "type": "ask",
  "price": 932.06812,
  "amount": 6.58509659,
  "time": "3:19:14"
 }
][
 {
  "type": "ask",
  "price": 930,
  "amount": 0.18554375,
  "time": "3:19:55"
 }
][
 {
  "type": "ask",
  "price": 931.51076,
  "amount": 4.5474933,
  "time": "3:20:36"
 }
][
 {
  "type": "ask",
  "price": 931,
  "amount": 0.36409786,
  "time": "3:21:4"
 }
][
 {
  "type": "ask",
  "price": 931.51076,
  "amount": 6.09939109,
  "time": "3:21:19"
 }
][
 {
  "type": "ask",
  "price": 931.51076,
  "amount": 5.33594558,
  "time": "3:22:49"
 }
][
 {
  "type": "bid",
  "price": 932.01,
  "amount": 0.36980976,
  "time": "3:23:2"
 }
][
 {
  "type": "ask",
  "price": 931,
  "amount": 0.0442531,
  "time": "3:23:19"
 }
][
 {
  "type": "ask",
  "price": 926.98772,
  "amount": 0.03859556,
  "time": "3:24:22"
 },
 {
  "type": "ask",
  "price": 930,
  "amount": 3.33841334,
  "time": "3:24:22"
 },
 {
  "type": "ask",
  "price": 930.01,
  "amount": 3,
  "time": "3:24:22"
 },
 {
  "type": "ask",
  "price": 931,
  "amount": 0.59164904,
  "time": "3:24:22"
 }
][
 {
  "type": "ask",
  "price": 929.65567,
  "amount": 7.01841601,
  "time": "3:24:57"
 }
][
 {
  "type": "ask",
  "price": 926.77649,
  "amount": 2.66309214,
  "time": "3:26:21"
 },
 {
  "type": "ask",
  "price": 926.94206,
  "amount": 0.3309619,
  "time": "3:26:21"
 },
 {
  "type": "ask",
  "price": 926.98772,
  "amount": 0.06140164,
  "time": "3:26:21"
 },
 {
  "type": "ask",
  "price": 929.50462,
  "amount": 3.91341045,
  "time": "3:26:20"
 }
][
 {
  "type": "ask",
  "price": 929.91713,
  "amount": 2.70012486,
  "time": "3:26:43"
 }
][
 {
  "type": "bid",
  "price": 932.02152,
  "amount": 0.22714544,
  "time": "3:27:19"
 }
][
 {
  "type": "ask",
  "price": 929.58401,
  "amount": 2.25667327,
  "time": "3:29:13"
 }
][
 {
  "type": "ask",
  "price": 929.58401,
  "amount": 4.55604792,
  "time": "3:29:47"
 }
][
 {
  "type": "ask",
  "price": 929.58401,
  "amount": 7.12853187,
  "time": "3:30:43"
 }
][
 {
  "type": "bid",
  "price": 930,
  "amount": 0.10015978,
  "time": "3:31:46"
 }
][
 {
  "type": "ask",
  "price": 931.23014,
  "amount": 2.36896321,
  "time": "3:32:15"
 }
][
 {
  "type": "ask",
  "price": 930,
  "amount": 0.32,
  "time": "3:34:44"
 }
][
 {
  "type": "ask",
  "price": 930,
  "amount": 0.04556573,
  "time": "3:34:55"
 }
][
 {
  "type": "ask",
  "price": 930,
  "amount": 0.02309855,
  "time": "3:34:56"
 }
][
 {
  "type": "ask",
  "price": 930,
  "amount": 0.02309855,
  "time": "3:34:58"
 }
][
 {
  "type": "ask",
  "price": 930,
  "amount": 0.04967518,
  "time": "3:35:7"
 },
 {
  "type": "ask",
  "price": 930,
  "amount": 0.0810407,
  "time": "3:35:5"
 }
][
 {
  "type": "ask",
  "price": 930,
  "amount": 0.1272384,
  "time": "3:35:15"
 }
][
 {
  "type": "ask",
  "price": 930,
  "amount": 0.09852649,
  "time": "3:35:45"
 }
][
 {
  "type": "ask",
  "price": 931.23014,
  "amount": 4.72860182,
  "time": "3:36:10"
 }
][
 {
  "type": "ask",
  "price": 930,
  "amount": 0.10167449,
  "time": "3:36:21"
 }
][
 {
  "type": "ask",
  "price": 930,
  "amount": 0.03517349,
  "time": "3:36:22"
 }
][
 {
  "type": "ask",
  "price": 930,
  "amount": 0.14163968,
  "time": "3:36:27"
 }
][
 {
  "type": "ask",
  "price": 930,
  "amount": 0.01889382,
  "time": "3:36:29"
 }
][
 {
  "type": "ask",
  "price": 931.23014,
  "amount": 1.34534939,
  "time": "3:36:32"
 }
][
 {
  "type": "ask",
  "price": 930,
  "amount": 0.02060941,
  "time": "3:36:53"
 }
][
 {
  "type": "bid",
  "price": 932.46027,
  "amount": 0.05407956,
  "time": "3:37:13"
 }
][
 {
  "type": "bid",
  "price": 932.46027,
  "amount": 0.01023374,
  "time": "3:37:23"
 },
 {
  "type": "bid",
  "price": 932.46027,
  "amount": 0.0246447,
  "time": "3:37:21"
 }
][
 {
  "type": "bid",
  "price": 932.02793,
  "amount": 1.36627115,
  "time": "3:37:56"
 }
][
 {
  "type": "ask",
  "price": 930,
  "amount": 1.96778855,
  "time": "3:40:4"
 },
 {
  "type": "ask",
  "price": 930.01,
  "amount": 0.2151,
  "time": "3:40:4"
 }
][
 {
  "type": "ask",
  "price": 926.95507,
  "amount": 0.18294698,
  "time": "3:40:54"
 },
 {
  "type": "ask",
  "price": 930,
  "amount": 0.80793028,
  "time": "3:40:54"
 }
][
 {
  "type": "ask",
  "price": 927.64479,
  "amount": 0.61353731,
  "time": "3:41:14"
 }
][
 {
  "type": "bid",
  "price": 934.13624,
  "amount": 0.0666323,
  "time": "3:41:34"
 },
 {
  "type": "bid",
  "price": 934.04586,
  "amount": 0.0533677,
  "time": "3:41:34"
 }
][
 {
  "type": "bid",
  "price": 931.34993,
  "amount": 2.49093159,
  "time": "3:41:50"
 }
][
 {
  "type": "ask",
  "price": 925.10431,
  "amount": 0.02968966,
  "time": "3:42:14"
 },
 {
  "type": "ask",
  "price": 926.26441,
  "amount": 1.07960534,
  "time": "3:42:14"
 },
 {
  "type": "ask",
  "price": 926.70775,
  "amount": 0.27742024,
  "time": "3:42:14"
 },
 {
  "type": "ask",
  "price": 926.70875,
  "amount": 0.5169347,
  "time": "3:42:14"
 },
 {
  "type": "ask",
  "price": 926.97048,
  "amount": 1.21449004,
  "time": "3:42:14"
 },
 {
  "type": "ask",
  "price": 926.97048,
  "amount": 8.12032541,
  "time": "3:42:13"
 },
 {
  "type": "ask",
  "price": 928.56363,
  "amount": 0.1007972,
  "time": "3:42:13"
 }
][
 {
  "type": "bid",
  "price": 930.87817,
  "amount": 0.01760243,
  "time": "3:42:22"
 },
 {
  "type": "ask",
  "price": 925.92945,
  "amount": 5.61970891,
  "time": "3:42:22"
 },
 {
  "type": "ask",
  "price": 925.96876,
  "amount": 0.0639513,
  "time": "3:42:22"
 },
 {
  "type": "ask",
  "price": 927.35743,
  "amount": 0.0932463,
  "time": "3:42:22"
 },
 {
  "type": "bid",
  "price": 930.87817,
  "amount": 0.12,
  "time": "3:42:20"
 }
][
 {
  "type": "ask",
  "price": 925.92945,
  "amount": 1.89287725,
  "time": "3:42:32"
 }
][
 {
  "type": "bid",
  "price": 930.87817,
  "amount": 0.1,
  "time": "3:42:42"
 }
][
 {
  "type": "ask",
  "price": 925.92945,
  "amount": 2.1416267,
  "time": "3:42:44"
 }
][
 {
  "type": "ask",
  "price": 929.01094,
  "amount": 4.81469771,
  "time": "3:43:24"
 }
][
 {
  "type": "bid",
  "price": 930.87817,
  "amount": 0.04067911,
  "time": "3:43:29"
 }
][
 {
  "type": "ask",
  "price": 930,
  "amount": 0.2665902,
  "time": "3:43:57"
 }
][
 {
  "type": "bid",
  "price": 931.27679,
  "amount": 0.70529508,
  "time": "3:44:7"
 }
][
 {
  "type": "bid",
  "price": 931.27679,
  "amount": 2.41600765,
  "time": "3:45:0"
 }
][
 {
  "type": "ask",
  "price": 930,
  "amount": 0.01781365,
  "time": "3:47:37"
 }
][
 {
  "type": "ask",
  "price": 930,
  "amount": 0.01781365,
  "time": "3:47:39"
 }
][
 {
  "type": "ask",
  "price": 930,
  "amount": 0.01781365,
  "time": "3:47:42"
 }
][
 {
  "type": "ask",
  "price": 930,
  "amount": 0.01781365,
  "time": "3:47:45"
 }
][
 {
  "type": "ask",
  "price": 931.27679,
  "amount": 3.21474345,
  "time": "3:47:47"
 }
][
 {
  "type": "ask",
  "price": 930,
  "amount": 0.01781365,
  "time": "3:47:51"
 }
][
 {
  "type": "ask",
  "price": 930,
  "amount": 0.01781365,
  "time": "3:47:54"
 }
][
 {
  "type": "ask",
  "price": 930,
  "amount": 0.01781365,
  "time": "3:47:56"
 }
][
 {
  "type": "bid",
  "price": 934.15,
  "amount": 1.31722731,
  "time": "3:48:7"
 },
 {
  "type": "bid",
  "price": 934.13624,
  "amount": 0.20929634,
  "time": "3:48:7"
 },
 {
  "type": "bid",
  "price": 932.55359,
  "amount": 0.0757334,
  "time": "3:48:7"
 }
][
 {
  "type": "bid",
  "price": 936,
  "amount": 1.04039586,
  "time": "3:48:36"
 },
 {
  "type": "bid",
  "price": 935.63,
  "amount": 0.0226063,
  "time": "3:48:36"
 },
 {
  "type": "bid",
  "price": 935,
  "amount": 0.5,
  "time": "3:48:36"
 },
 {
  "type": "bid",
  "price": 934.70609,
  "amount": 0.03601396,
  "time": "3:48:36"
 },
 {
  "type": "bid",
  "price": 934.64,
  "amount": 0.0180226,
  "time": "3:48:36"
 },
 {
  "type": "bid",
  "price": 934.4187,
  "amount": 0.0742369,
  "time": "3:48:36"
 },
 {
  "type": "bid",
  "price": 934.16768,
  "amount": 0.04300765,
  "time": "3:48:36"
 },
 {
  "type": "bid",
  "price": 934.16,
  "amount": 2.193,
  "time": "3:48:36"
 }
][
 {
  "type": "ask",
  "price": 933.192,
  "amount": 0.04286363,
  "time": "3:49:14"
 }
][
 {
  "type": "bid",
  "price": 932.675,
  "amount": 3.97778869,
  "time": "3:50:13"
 }
][
 {
  "type": "bid",
  "price": 932.99,
  "amount": 4.40026687,
  "time": "3:50:54"
 }
][
 {
  "type": "ask",
  "price": 930,
  "amount": 0.03722202,
  "time": "3:52:12"
 }
][
 {
  "type": "ask",
  "price": 930,
  "amount": 0.03722202,
  "time": "3:52:14"
 }
][
 {
  "type": "ask",
  "price": 930,
  "amount": 0.03722202,
  "time": "3:52:18"
 }
][
 {
  "type": "ask",
  "price": 930,
  "amount": 0.01927653,
  "time": "3:52:21"
 }
][
 {
  "type": "ask",
  "price": 930,
  "amount": 0.01927653,
  "time": "3:52:23"
 }
][
 {
  "type": "ask",
  "price": 930,
  "amount": 0.01927653,
  "time": "3:52:26"
 }
][
 {
  "type": "ask",
  "price": 930,
  "amount": 0.0192562,
  "time": "3:52:31"
 }
][
 {
  "type": "ask",
  "price": 930,
  "amount": 0.0192562,
  "time": "3:52:34"
 }
][
 {
  "type": "ask",
  "price": 930,
  "amount": 0.0192562,
  "time": "3:52:37"
 }
][
 {
  "type": "ask",
  "price": 930,
  "amount": 0.0192562,
  "time": "3:52:39"
 }
][
 {
  "type": "ask",
  "price": 930,
  "amount": 0.0192562,
  "time": "3:52:42"
 }
][
 {
  "type": "ask",
  "price": 930,
  "amount": 0.0192562,
  "time": "3:52:45"
 },
 {
  "type": "bid",
  "price": 932.965,
  "amount": 0.4058209,
  "time": "3:52:44"
 }
][
 {
  "type": "ask",
  "price": 930,
  "amount": 0.09392364,
  "time": "3:52:47"
 }
][
 {
  "type": "ask",
  "price": 930.001,
  "amount": 0.41296699,
  "time": "3:53:58"
 }
][
 {
  "type": "ask",
  "price": 930,
  "amount": 8.95836675,
  "time": "3:54:5"
 },
 {
  "type": "ask",
  "price": 930,
  "amount": 0.43442755,
  "time": "3:54:5"
 },
 {
  "type": "ask",
  "price": 930.001,
  "amount": 0.08703301,
  "time": "3:54:5"
 }
][
 {
  "type": "ask",
  "price": 930.01,
  "amount": 0.08695841,
  "time": "3:54:32"
 }
][
 {
  "type": "ask",
  "price": 930.01,
  "amount": 0.08699535,
  "time": "3:54:36"
 }
][
 {
  "type": "ask",
  "price": 930,
  "amount": 0.04329435,
  "time": "3:54:44"
 }
][
 {
  "type": "ask",
  "price": 930,
  "amount": 0.29617524,
  "time": "3:55:49"
 }
][
 {
  "type": "bid",
  "price": 932.985,
  "amount": 5.24815798,
  "time": "3:55:58"
 }
][
 {
  "type": "bid",
  "price": 935.97,
  "amount": 0.01841231,
  "time": "3:57:52"
 }
][
 {
  "type": "bid",
  "price": 932.99,
  "amount": 5.43451689,
  "time": "3:58:11"
 }
][
 {
  "type": "bid",
  "price": 935.9799,
  "amount": 0.01668068,
  "time": "3:59:18"
 }
][
 {
  "type": "ask",
  "price": 933.975,
  "amount": 4.17644422,
  "time": "4:0:19"
 }
][
 {
  "type": "ask",
  "price": 933.005,
  "amount": 2.58083165,
  "time": "4:1:7"
 }
][
 {
  "type": "ask",
  "price": 930.01,
  "amount": 0.05001578,
  "time": "4:1:12"
 }
][
 {
  "type": "ask",
  "price": 932.9995,
  "amount": 2.93516633,
  "time": "4:1:50"
 }
][
 {
  "type": "bid",
  "price": 935.999,
  "amount": 0.055,
  "time": "4:1:55"
 }
][
 {
  "type": "bid",
  "price": 934.2,
  "amount": 0.164,
  "time": "4:3:3"
 }
][
 {
  "type": "bid",
  "price": 931.88,
  "amount": 0.2086676,
  "time": "4:5:6"
 }
][
 {
  "type": "ask",
  "price": 934.095,
  "amount": 4.33091745,
  "time": "4:5:46"
 }
][
 {
  "type": "ask",
  "price": 932.19,
  "amount": 0.20797975,
  "time": "4:5:52"
 }
][
 {
  "type": "ask",
  "price": 934.505,
  "amount": 2.97458399,
  "time": "4:7:48"
 }
][
 {
  "type": "ask",
  "price": 934.25,
  "amount": 6.44607046,
  "time": "4:8:38"
 }
][
 {
  "type": "ask",
  "price": 933.01,
  "amount": 0.13677767,
  "time": "4:9:49"
 },
 {
  "type": "ask",
  "price": 933.01,
  "amount": 0.25908687,
  "time": "4:9:48"
 }
][
 {
  "type": "ask",
  "price": 933.01,
  "amount": 0.0845119,
  "time": "4:9:50"
 }
][
 {
  "type": "ask",
  "price": 933,
  "amount": 0.0740297,
  "time": "4:9:53"
 }
][
 {
  "type": "ask",
  "price": 933.60359,
  "amount": 0.850649,
  "time": "4:10:25"
 }
][
 {
  "type": "bid",
  "price": 936,
  "amount": 2.77252996,
  "time": "4:10:27"
 },
 {
  "type": "bid",
  "price": 934.5,
  "amount": 0.22747004,
  "time": "4:10:27"
 }
][
 {
  "type": "ask",
  "price": 934.34002,
  "amount": 5.03051508,
  "time": "4:10:37"
 }
][
 {
  "type": "ask",
  "price": 934.5,
  "amount": 6.74252992,
  "time": "4:11:14"
 }
][
 {
  "type": "ask",
  "price": 934.5,
  "amount": 1.56603534,
  "time": "4:12:48"
 }
][
 {
  "type": "ask",
  "price": 935.07545,
  "amount": 3.84786017,
  "time": "4:13:25"
 }
][
 {
  "type": "ask",
  "price": 933.43681,
  "amount": 6.2768147,
  "time": "4:14:2"
 },
 {
  "type": "ask",
  "price": 933.43681,
  "amount": 7.39092408,
  "time": "4:14:1"
 },
 {
  "type": "ask",
  "price": 933.43681,
  "amount": 1.58850526,
  "time": "4:14:1"
 },
 {
  "type": "ask",
  "price": 933.43681,
  "amount": 0.7484561,
  "time": "4:14:1"
 },
 {
  "type": "ask",
  "price": 933.43681,
  "amount": 1.73460337,
  "time": "4:14:1"
 },
 {
  "type": "ask",
  "price": 933.43681,
  "amount": 2.68472863,
  "time": "4:14:1"
 },
 {
  "type": "ask",
  "price": 933.43681,
  "amount": 4.48587104,
  "time": "4:14:1"
 },
 {
  "type": "ask",
  "price": 933.43681,
  "amount": 0.78193958,
  "time": "4:14:1"
 },
 {
  "type": "ask",
  "price": 933.43681,
  "amount": 3.23893229,
  "time": "4:14:1"
 },
 {
  "type": "ask",
  "price": 933.9041,
  "amount": 1.70615005,
  "time": "4:14:1"
 }
][
 {
  "type": "bid",
  "price": 933,
  "amount": 0.23090125,
  "time": "4:14:4"
 },
 {
  "type": "bid",
  "price": 933,
  "amount": 3.32244917,
  "time": "4:14:4"
 },
 {
  "type": "ask",
  "price": 933,
  "amount": 1.073,
  "time": "4:14:4"
 },
 {
  "type": "ask",
  "price": 933.03013,
  "amount": 0.0888434,
  "time": "4:14:4"
 },
 {
  "type": "ask",
  "price": 933.43681,
  "amount": 4.49831331,
  "time": "4:14:4"
 },
 {
  "type": "ask",
  "price": 934.77769,
  "amount": 1.07599627,
  "time": "4:14:4"
 },
 {
  "type": "ask",
  "price": 934.77769,
  "amount": 0.51227289,
  "time": "4:14:4"
 }
][
 {
  "type": "ask",
  "price": 933.66222,
  "amount": 0.05147443,
  "time": "4:14:9"
 }
][
 {
  "type": "bid",
  "price": 934.85432,
  "amount": 0.03453964,
  "time": "4:14:13"
 },
 {
  "type": "ask",
  "price": 933.66222,
  "amount": 1.1349302,
  "time": "4:14:13"
 },
 {
  "type": "ask",
  "price": 934.54506,
  "amount": 0.11700334,
  "time": "4:14:13"
 }
][
 {
  "type": "ask",
  "price": 934.85432,
  "amount": 0.0635247,
  "time": "4:14:16"
 }
][
 {
  "type": "ask",
  "price": 932.87605,
  "amount": 0.5107655,
  "time": "4:14:23"
 },
 {
  "type": "ask",
  "price": 934.85432,
  "amount": 0.0364753,
  "time": "4:14:22"
 }
][
 {
  "type": "bid",
  "price": 935.99999,
  "amount": 0.0921281,
  "time": "4:14:34"
 }
][
 {
  "type": "ask",
  "price": 935.99999,
  "amount": 0.01118225,
  "time": "4:15:27"
 },
 {
  "type": "bid",
  "price": 938,
  "amount": 1.51466026,
  "time": "4:15:27"
 },
 {
  "type": "bid",
  "price": 937.85,
  "amount": 0.05022609,
  "time": "4:15:27"
 },
 {
  "type": "bid",
  "price": 937.40572,
  "amount": 0.00361578,
  "time": "4:15:27"
 },
 {
  "type": "bid",
  "price": 937.40572,
  "amount": 0.27230179,
  "time": "4:15:27"
 },
 {
  "type": "bid",
  "price": 937.30666,
  "amount": 0.0104789,
  "time": "4:15:27"
 },
 {
  "type": "bid",
  "price": 937,
  "amount": 0.05,
  "time": "4:15:27"
 },
 {
  "type": "bid",
  "price": 936.47424,
  "amount": 0.0700818,
  "time": "4:15:27"
 },
 {
  "type": "bid",
  "price": 936.14593,
  "amount": 0.40389785,
  "time": "4:15:27"
 },
 {
  "type": "bid",
  "price": 936,
  "amount": 0.0498,
  "time": "4:15:27"
 }
][
 {
  "type": "bid",
  "price": 937,
  "amount": 6.54939343,
  "time": "4:15:29"
 }
][
 {
  "type": "bid",
  "price": 939,
  "amount": 1,
  "time": "4:15:31"
 },
 {
  "type": "bid",
  "price": 939,
  "amount": 0.1,
  "time": "4:15:31"
 },
 {
  "type": "bid",
  "price": 938.925,
  "amount": 0.13,
  "time": "4:15:31"
 },
 {
  "type": "bid",
  "price": 938.8,
  "amount": 0.037546,
  "time": "4:15:31"
 },
 {
  "type": "bid",
  "price": 938.8,
  "amount": 0.0243,
  "time": "4:15:31"
 },
 {
  "type": "bid",
  "price": 938.79,
  "amount": 0.0165005,
  "time": "4:15:31"
 },
 {
  "type": "bid",
  "price": 938.67421,
  "amount": 0.15705572,
  "time": "4:15:31"
 },
 {
  "type": "bid",
  "price": 938.03931,
  "amount": 0.10661,
  "time": "4:15:31"
 },
 {
  "type": "bid",
  "price": 938,
  "amount": 0.27222139,
  "time": "4:15:31"
 }
][
 {
  "type": "bid",
  "price": 939.22319,
  "amount": 0.98797339,
  "time": "4:15:32"
 },
 {
  "type": "bid",
  "price": 939.1847,
  "amount": 0.01,
  "time": "4:15:32"
 },
 {
  "type": "bid",
  "price": 939.1847,
  "amount": 0.0427779,
  "time": "4:15:32"
 },
 {
  "type": "bid",
  "price": 937.8796,
  "amount": 0.0498362,
  "time": "4:15:32"
 }
][
 {
  "type": "ask",
  "price": 936.40553,
  "amount": 0.20915904,
  "time": "4:16:14"
 },
 {
  "type": "ask",
  "price": 936.40553,
  "amount": 0.01409524,
  "time": "4:16:13"
 }
][
 {
  "type": "ask",
  "price": 936.40552,
  "amount": 0.04271654,
  "time": "4:16:15"
 },
 {
  "type": "ask",
  "price": 936.40553,
  "amount": 0.04510863,
  "time": "4:16:14"
 }
][
 {
  "type": "ask",
  "price": 933.86036,
  "amount": 0.03644549,
  "time": "4:16:17"
 }
][
 {
  "type": "bid",
  "price": 936.40553,
  "amount": 0.20915904,
  "time": "4:16:20"
 }
][
 {
  "type": "ask",
  "price": 936.40553,
  "amount": 0.1,
  "time": "4:16:27"
 }
][
 {
  "type": "bid",
  "price": 937.3116,
  "amount": 1.08862225,
  "time": "4:16:31"
 }
][
 {
  "type": "ask",
  "price": 937.31065,
  "amount": 0.07585973,
  "time": "4:17:14"
 }
][
 {
  "type": "bid",
  "price": 939.21,
  "amount": 0.0272529,
  "time": "4:17:19"
 }
][
 {
  "type": "ask",
  "price": 937.45662,
  "amount": 1.62086373,
  "time": "4:17:46"
 }
][
 {
  "type": "ask",
  "price": 935.69037,
  "amount": 0.05920387,
  "time": "4:19:25"
 }
][
 {
  "type": "bid",
  "price": 939.9,
  "amount": 0.28975239,
  "time": "4:19:34"
 },
 {
  "type": "bid",
  "price": 939.9,
  "amount": 0.05,
  "time": "4:19:34"
 },
 {
  "type": "bid",
  "price": 939.3825,
  "amount": 0.195,
  "time": "4:19:34"
 },
 {
  "type": "bid",
  "price": 939.35777,
  "amount": 0.06464047,
  "time": "4:19:34"
 },
 {
  "type": "bid",
  "price": 939.22319,
  "amount": 0.28478748,
  "time": "4:19:34"
 },
 {
  "type": "bid",
  "price": 939.2231,
  "amount": 0.01,
  "time": "4:19:34"
 }
][
 {
  "type": "bid",
  "price": 940,
  "amount": 0.1,
  "time": "4:19:35"
 },
 {
  "type": "bid",
  "price": 940,
  "amount": 0.0216635,
  "time": "4:19:35"
 },
 {
  "type": "bid",
  "price": 940,
  "amount": 0.05006494,
  "time": "4:19:35"
 },
 {
  "type": "bid",
  "price": 940,
  "amount": 4.89672811,
  "time": "4:19:35"
 },
 {
  "type": "bid",
  "price": 940,
  "amount": 0.31928,
  "time": "4:19:35"
 },
 {
  "type": "bid",
  "price": 940,
  "amount": 0.998,
  "time": "4:19:35"
 },
 {
  "type": "bid",
  "price": 940,
  "amount": 0.01187254,
  "time": "4:19:35"
 },
 {
  "type": "bid",
  "price": 940,
  "amount": 0.37,
  "time": "4:19:35"
 },
 {
  "type": "bid",
  "price": 939.999,
  "amount": 0.15000737,
  "time": "4:19:35"
 },
 {
  "type": "bid",
  "price": 939.999,
  "amount": 0.48110014,
  "time": "4:19:34"
 }
][
 {
  "type": "bid",
  "price": 941.27,
  "amount": 0.7214581,
  "time": "4:19:37"
 },
 {
  "type": "bid",
  "price": 940.88371,
  "amount": 0.0247025,
  "time": "4:19:37"
 },
 {
  "type": "bid",
  "price": 940.77,
  "amount": 0.0289234,
  "time": "4:19:37"
 },
 {
  "type": "bid",
  "price": 940.68664,
  "amount": 0.27608953,
  "time": "4:19:37"
 },
 {
  "type": "bid",
  "price": 940.63777,
  "amount": 0.042295,
  "time": "4:19:37"
 },
 {
  "type": "bid",
  "price": 940.5806,
  "amount": 0.0659038,
  "time": "4:19:37"
 },
 {
  "type": "ask",
  "price": 940.00001,
  "amount": 0.03669788,
  "time": "4:19:36"
 }
][
 {
  "type": "ask",
  "price": 940.00001,
  "amount": 0.0270396,
  "time": "4:19:39"
 },
 {
  "type": "ask",
  "price": 940.00001,
  "amount": 0.0487175,
  "time": "4:19:38"
 }
][
 {
  "type": "ask",
  "price": 940.00001,
  "amount": 0.27731804,
  "time": "4:19:40"
 }
][
 {
  "type": "ask",
  "price": 940.00001,
  "amount": 0.04404558,
  "time": "4:19:43"
 }
][
 {
  "type": "ask",
  "price": 940.00001,
  "amount": 0.016,
  "time": "4:19:44"
 },
 {
  "type": "ask",
  "price": 940.00001,
  "amount": 0.02403032,
  "time": "4:19:44"
 }
][
 {
  "type": "ask",
  "price": 940.00001,
  "amount": 0.04818479,
  "time": "4:19:50"
 }
][
 {
  "type": "ask",
  "price": 940.00001,
  "amount": 0.02204349,
  "time": "4:19:55"
 }
][
 {
  "type": "ask",
  "price": 940.00001,
  "amount": 0.02434865,
  "time": "4:19:57"
 }
][
 {
  "type": "ask",
  "price": 940.00001,
  "amount": 0.0422941,
  "time": "4:19:59"
 },
 {
  "type": "ask",
  "price": 940.00001,
  "amount": 0.10751146,
  "time": "4:19:58"
 }
][
 {
  "type": "bid",
  "price": 940.635,
  "amount": 0.69994828,
  "time": "4:20:9"
 }
][
 {
  "type": "ask",
  "price": 940.00001,
