[
 {
  "type": "ask",
  "price": 1.22864,
  "amount": 2265.30784451,
  "time": "20:53:58"
 },
 {
  "type": "ask",
  "price": 1.22864,
  "amount": 3025.0606117,
  "time": "20:53:9"
 },
 {
  "type": "ask",
  "price": 1.22873,
  "amount": 6,
  "time": "20:52:1"
 },
 {
  "type": "ask",
  "price": 1.22863,
  "amount": 3741.87235941,
  "time": "20:51:59"
 },
 {
  "type": "ask",
  "price": 1.22542,
  "amount": 0.00797566,
  "time": "20:51:14"
 },
 {
  "type": "ask",
  "price": 1.22542,
  "amount": 0.10069434,
  "time": "20:51:14"
 },
 {
  "type": "bid",
  "price": 1.22571,
  "amount": 0.1,
  "time": "20:51:8"
 },
 {
  "type": "ask",
  "price": 1.22543,
  "amount": 4.12800476,
  "time": "20:51:6"
 },
 {
  "type": "ask",
  "price": 1.22543,
  "amount": 1.86535,
  "time": "20:51:6"
 },
 {
  "type": "ask",
  "price": 1.22544,
  "amount": 0.10069434,
  "time": "20:50:57"
 }
][
 {
  "type": "ask",
  "price": 1.22864,
  "amount": 805.72886859,
  "time": "20:55:50"
 }
][
 {
  "type": "ask",
  "price": 1.22543,
  "amount": 11.97911983,
  "time": "20:58:24"
 },
 {
  "type": "ask",
  "price": 1.22543,
  "amount": 5,
  "time": "20:58:24"
 },
 {
  "type": "ask",
  "price": 1.22543,
  "amount": 0.21610893,
  "time": "20:58:24"
 },
 {
  "type": "ask",
  "price": 1.22543,
  "amount": 0.11,
  "time": "20:58:24"
 },
 {
  "type": "ask",
  "price": 1.22544,
  "amount": 4.80027006,
  "time": "20:58:24"
 }
][
 {
  "type": "ask",
  "price": 1.22865,
  "amount": 3022.34652514,
  "time": "21:7:25"
 }
][
 {
  "type": "ask",
  "price": 1.2291,
  "amount": 0.10021,
  "time": "21:11:5"
 }
][
 {
  "type": "bid",
  "price": 1.2291,
  "amount": 0.10021,
  "time": "21:11:12"
 }
][
 {
  "type": "ask",
  "price": 1.22712,
  "amount": 0.1,
  "time": "21:11:27"
 },
 {
  "type": "ask",
  "price": 1.22762,
  "amount": 0.1,
  "time": "21:11:23"
 }
][
 {
  "type": "ask",
  "price": 1.22662,
  "amount": 0.1,
  "time": "21:11:30"
 }
][
 {
  "type": "ask",
  "price": 1.22612,
  "amount": 0.1,
  "time": "21:11:33"
 }
][
 {
  "type": "bid",
  "price": 1.2291,
  "amount": 46.42494014,
  "time": "21:11:37"
 }
][
 {
  "type": "bid",
  "price": 1.2291,
  "amount": 130.59114756,
  "time": "21:12:12"
 }
][
 {
  "type": "ask",
  "price": 1.22562,
  "amount": 0.1,
  "time": "21:12:16"
 }
][
 {
  "type": "bid",
  "price": 1.22562,
  "amount": 0.1976,
  "time": "21:12:23"
 },
 {
  "type": "ask",
  "price": 1.2255,
  "amount": 0.12678,
  "time": "21:12:21"
 }
][
 {
  "type": "ask",
  "price": 1.2287,
  "amount": 0.10021,
  "time": "21:13:23"
 }
][
 {
  "type": "ask",
  "price": 1.22867,
  "amount": 2699.06426343,
  "time": "21:13:29"
 }
][
 {
  "type": "bid",
  "price": 1.23007,
  "amount": 1445.60525267,
  "time": "21:14:29"
 }
][
 {
  "type": "ask",
  "price": 1.2283,
  "amount": 0.10021,
  "time": "21:17:21"
 }
][
 {
  "type": "ask",
  "price": 1.2283,
  "amount": 0.10021,
  "time": "21:17:34"
 }
][
 {
  "type": "ask",
  "price": 1.2255,
  "amount": 0.10526,
  "time": "21:17:37"
 }
][
 {
  "type": "ask",
  "price": 1.2279,
  "amount": 0.10021,
  "time": "21:17:47"
 }
][
 {
  "type": "bid",
  "price": 1.22867,
  "amount": 486.97562725,
  "time": "21:19:2"
 }
][
 {
  "type": "ask",
  "price": 1.2275,
  "amount": 0.10021,
  "time": "21:19:53"
 }
][
 {
  "type": "ask",
  "price": 1.2276,
  "amount": 6,
  "time": "21:19:56"
 }
][
 {
  "type": "ask",
  "price": 1.2269,
  "amount": 0.10021,
  "time": "21:20:9"
 }
][
 {
  "type": "ask",
  "price": 1.2269,
  "amount": 0.10021,
  "time": "21:20:22"
 }
][
 {
  "type": "ask",
  "price": 1.22867,
  "amount": 3307.43974874,
  "time": "21:20:49"
 }
][
 {
  "type": "ask",
  "price": 1.22867,
  "amount": 2443.28833501,
  "time": "21:21:1"
 }
][
 {
  "type": "ask",
  "price": 1.2271,
  "amount": 0.10021,
  "time": "21:22:33"
 }
][
 {
  "type": "ask",
  "price": 1.22907,
  "amount": 4831.15336535,
  "time": "21:24:3"
 }
][
 {
  "type": "ask",
  "price": 1.22907,
  "amount": 761.78924242,
  "time": "21:27:2"
 }
][
 {
  "type": "ask",
  "price": 1.22907,
  "amount": 4845.19761188,
  "time": "21:28:5"
 }
][
 {
  "type": "ask",
  "price": 1.22551,
  "amount": 0.00895,
  "time": "21:28:13"
 },
 {
  "type": "ask",
  "price": 1.2263,
  "amount": 0.10021,
  "time": "21:28:13"
 }
][
 {
  "type": "ask",
  "price": 1.22907,
  "amount": 3351.88003601,
  "time": "21:28:35"
 }
][
 {
  "type": "ask",
  "price": 1.22912,
  "amount": 1267.90441696,
  "time": "21:33:7"
 }
][
 {
  "type": "ask",
  "price": 1.2264,
  "amount": 0.10772,
  "time": "21:38:43"
 }
][
 {
  "type": "bid",
  "price": 1.22912,
  "amount": 1319.14897139,
  "time": "21:42:56"
 }
][
 {
  "type": "bid",
  "price": 1.22912,
  "amount": 4048.49358379,
  "time": "21:45:26"
 }
][
 {
  "type": "ask",
  "price": 1.22922,
  "amount": 6,
  "time": "21:45:45"
 }
][
 {
  "type": "ask",
  "price": 1.22912,
  "amount": 1426.16134854,
  "time": "21:51:14"
 }
][
 {
  "type": "ask",
  "price": 1.2264,
  "amount": 0.10605,
  "time": "21:54:31"
 }
][
 {
  "type": "ask",
  "price": 1.23,
  "amount": 44.50734812,
  "time": "21:57:21"
 }
][
 {
  "type": "ask",
  "price": 1.2255,
  "amount": 191.84349766,
  "time": "21:58:1"
 },
 {
  "type": "ask",
  "price": 1.2255,
  "amount": 9.76796,
  "time": "21:58:1"
 },
 {
  "type": "ask",
  "price": 1.2256,
  "amount": 499.59238355,
  "time": "21:58:1"
 },
 {
  "type": "ask",
  "price": 1.22561,
  "amount": 145.36207,
  "time": "21:58:1"
 },
 {
  "type": "ask",
  "price": 1.22589,
  "amount": 1.17784135,
  "time": "21:58:1"
 },
 {
  "type": "ask",
  "price": 1.2263,
  "amount": 0.10021,
  "time": "21:58:1"
 },
 {
  "type": "ask",
  "price": 1.2264,
  "amount": 5.78623,
  "time": "21:58:1"
 }
][
 {
  "type": "ask",
  "price": 1.22544,
  "amount": 103.45790979,
  "time": "21:58:5"
 },
 {
  "type": "ask",
  "price": 1.22545,
  "amount": 4.99775593,
  "time": "21:58:5"
 },
 {
  "type": "ask",
  "price": 1.22546,
  "amount": 25,
  "time": "21:58:5"
 },
 {
  "type": "ask",
  "price": 1.2255,
  "amount": 720.17623503,
  "time": "21:58:5"
 }
][
 {
  "type": "ask",
  "price": 1.22542,
  "amount": 389.56830836,
  "time": "21:58:8"
 },
 {
  "type": "ask",
  "price": 1.22542,
  "amount": 0.1,
  "time": "21:58:8"
 },
 {
  "type": "ask",
  "price": 1.22542,
  "amount": 0.65979434,
  "time": "21:58:8"
 },
 {
  "type": "ask",
  "price": 1.22543,
  "amount": 1.35503538,
  "time": "21:58:8"
 },
 {
  "type": "ask",
  "price": 1.22544,
  "amount": 4.99820473,
  "time": "21:58:8"
 },
 {
  "type": "ask",
  "price": 1.22544,
  "amount": 456.9522017,
  "time": "21:58:8"
 }
][
 {
  "type": "bid",
  "price": 1.22562,
  "amount": 0.1,
  "time": "21:59:3"
 }
][
 {
  "type": "ask",
  "price": 1.22864,
  "amount": 3660.12879678,
  "time": "22:0:15"
 },
 {
  "type": "bid",
  "price": 1.22562,
  "amount": 0.1,
  "time": "21:59:3"
 },
 {
  "type": "ask",
  "price": 1.22542,
  "amount": 389.56830836,
  "time": "21:58:8"
 },
 {
  "type": "ask",
  "price": 1.22542,
  "amount": 0.1,
  "time": "21:58:8"
 },
 {
  "type": "ask",
  "price": 1.22542,
  "amount": 0.65979434,
  "time": "21:58:8"
 },
 {
  "type": "ask",
  "price": 1.22543,
  "amount": 1.35503538,
  "time": "21:58:8"
 },
 {
  "type": "ask",
  "price": 1.22544,
  "amount": 4.99820473,
  "time": "21:58:8"
 },
 {
  "type": "ask",
  "price": 1.22544,
  "amount": 456.9522017,
  "time": "21:58:8"
 },
 {
  "type": "ask",
  "price": 1.22544,
  "amount": 103.45790979,
  "time": "21:58:5"
 },
 {
  "type": "ask",
  "price": 1.22545,
  "amount": 4.99775593,
  "time": "21:58:5"
 }
][
 {
  "type": "ask",
  "price": 1.22864,
  "amount": 3660.12879678,
  "time": "22:0:15"
 },
 {
  "type": "bid",
  "price": 1.22562,
  "amount": 0.1,
  "time": "21:59:3"
 },
 {
  "type": "ask",
  "price": 1.22542,
  "amount": 389.56830836,
  "time": "21:58:8"
 },
 {
  "type": "ask",
  "price": 1.22542,
  "amount": 0.1,
  "time": "21:58:8"
 },
 {
  "type": "ask",
  "price": 1.22542,
  "amount": 0.65979434,
  "time": "21:58:8"
 },
 {
  "type": "ask",
  "price": 1.22543,
  "amount": 1.35503538,
  "time": "21:58:8"
 },
 {
  "type": "ask",
  "price": 1.22544,
  "amount": 4.99820473,
  "time": "21:58:8"
 },
 {
  "type": "ask",
  "price": 1.22544,
  "amount": 456.9522017,
  "time": "21:58:8"
 },
 {
  "type": "ask",
  "price": 1.22544,
  "amount": 103.45790979,
  "time": "21:58:5"
 },
 {
  "type": "ask",
  "price": 1.22545,
  "amount": 4.99775593,
  "time": "21:58:5"
 }
][
 {
  "type": "ask",
  "price": 1.22999,
  "amount": 5180.56305461,
  "time": "22:7:52"
 }
][
 {
  "type": "ask",
  "price": 1.22999,
  "amount": 3392.07763701,
  "time": "22:8:52"
 }
][
 {
  "type": "ask",
  "price": 1.22999,
  "amount": 3392.07763701,
  "time": "22:8:52"
 },
 {
  "type": "ask",
  "price": 1.22999,
  "amount": 5180.56305461,
  "time": "22:7:52"
 },
 {
  "type": "ask",
  "price": 1.22864,
  "amount": 3660.12879678,
  "time": "22:0:15"
 },
 {
  "type": "bid",
  "price": 1.22562,
  "amount": 0.1,
  "time": "21:59:3"
 },
 {
  "type": "ask",
  "price": 1.22542,
  "amount": 389.56830836,
  "time": "21:58:8"
 },
 {
  "type": "ask",
  "price": 1.22542,
  "amount": 0.1,
  "time": "21:58:8"
 },
 {
  "type": "ask",
  "price": 1.22542,
  "amount": 0.65979434,
  "time": "21:58:8"
 },
 {
  "type": "ask",
  "price": 1.22543,
  "amount": 1.35503538,
  "time": "21:58:8"
 },
 {
  "type": "ask",
  "price": 1.22544,
  "amount": 4.99820473,
  "time": "21:58:8"
 },
 {
  "type": "ask",
  "price": 1.22544,
  "amount": 456.9522017,
  "time": "21:58:8"
 }
][
 {
  "type": "ask",
  "price": 1.22999,
  "amount": 5313.05591176,
  "time": "22:12:20"
 }
][
 {
  "type": "ask",
  "price": 1.22999,
  "amount": 5313.05591176,
  "time": "22:12:20"
 },
 {
  "type": "ask",
  "price": 1.22999,
  "amount": 3392.07763701,
  "time": "22:8:52"
 },
 {
  "type": "ask",
  "price": 1.22999,
  "amount": 5180.56305461,
  "time": "22:7:52"
 },
 {
  "type": "ask",
  "price": 1.22864,
  "amount": 3660.12879678,
  "time": "22:0:15"
 },
 {
  "type": "bid",
  "price": 1.22562,
  "amount": 0.1,
  "time": "21:59:3"
 },
 {
  "type": "ask",
  "price": 1.22542,
  "amount": 389.56830836,
  "time": "21:58:8"
 },
 {
  "type": "ask",
  "price": 1.22542,
  "amount": 0.1,
  "time": "21:58:8"
 },
 {
  "type": "ask",
  "price": 1.22542,
  "amount": 0.65979434,
  "time": "21:58:8"
 },
 {
  "type": "ask",
  "price": 1.22543,
  "amount": 1.35503538,
  "time": "21:58:8"
 },
 {
  "type": "ask",
  "price": 1.22544,
  "amount": 4.99820473,
  "time": "21:58:8"
 }
][
 {
  "type": "bid",
  "price": 1.23004,
  "amount": 2862.38847862,
  "time": "22:19:46"
 },
 {
  "type": "ask",
  "price": 1.23004,
  "amount": 4589.20749586,
  "time": "22:19:27"
 },
 {
  "type": "bid",
  "price": 1.23004,
  "amount": 3132.91123129,
  "time": "22:18:17"
 },
 {
  "type": "bid",
  "price": 1.23004,
  "amount": 3060.80196363,
  "time": "22:18:3"
 },
 {
  "type": "ask",
  "price": 1.23004,
  "amount": 4843.12390919,
  "time": "22:16:10"
 },
 {
  "type": "ask",
  "price": 1.22814,
  "amount": 0.10251,
  "time": "22:15:36"
 },
 {
  "type": "ask",
  "price": 1.22999,
  "amount": 5313.05591176,
  "time": "22:12:20"
 },
 {
  "type": "ask",
  "price": 1.22999,
  "amount": 3392.07763701,
  "time": "22:8:52"
 },
 {
  "type": "ask",
  "price": 1.22999,
  "amount": 5180.56305461,
  "time": "22:7:52"
 },
 {
  "type": "ask",
  "price": 1.22864,
  "amount": 3660.12879678,
  "time": "22:0:15"
 }
][
 {
  "type": "bid",
  "price": 1.23187,
  "amount": 0.10049295,
  "time": "22:21:40"
 },
 {
  "type": "bid",
  "price": 1.23186,
  "amount": 0.10049295,
  "time": "22:21:38"
 },
 {
  "type": "bid",
  "price": 1.23184,
  "amount": 0.10049295,
  "time": "22:21:36"
 },
 {
  "type": "bid",
  "price": 1.23004,
  "amount": 5002.36871484,
  "time": "22:21:8"
 },
 {
  "type": "bid",
  "price": 1.23004,
  "amount": 2862.38847862,
  "time": "22:19:46"
 },
 {
  "type": "ask",
  "price": 1.23004,
  "amount": 4589.20749586,
  "time": "22:19:27"
 },
 {
  "type": "bid",
  "price": 1.23004,
  "amount": 3132.91123129,
  "time": "22:18:17"
 },
 {
  "type": "bid",
  "price": 1.23004,
  "amount": 3060.80196363,
  "time": "22:18:3"
 },
 {
  "type": "ask",
  "price": 1.23004,
  "amount": 4843.12390919,
  "time": "22:16:10"
 },
 {
  "type": "ask",
  "price": 1.22814,
  "amount": 0.10251,
  "time": "22:15:36"
 }
][
 {
  "type": "ask",
  "price": 1.22824,
  "amount": 0.10931,
  "time": "22:26:10"
 },
 {
  "type": "bid",
  "price": 1.23187,
  "amount": 0.10049295,
  "time": "22:21:40"
 },
 {
  "type": "bid",
  "price": 1.23186,
  "amount": 0.10049295,
  "time": "22:21:38"
 },
 {
  "type": "bid",
  "price": 1.23184,
  "amount": 0.10049295,
  "time": "22:21:36"
 },
 {
  "type": "bid",
  "price": 1.23004,
  "amount": 5002.36871484,
  "time": "22:21:8"
 },
 {
  "type": "bid",
  "price": 1.23004,
  "amount": 2862.38847862,
  "time": "22:19:46"
 },
 {
  "type": "ask",
  "price": 1.23004,
  "amount": 4589.20749586,
  "time": "22:19:27"
 },
 {
  "type": "bid",
  "price": 1.23004,
  "amount": 3132.91123129,
  "time": "22:18:17"
 },
 {
  "type": "bid",
  "price": 1.23004,
  "amount": 3060.80196363,
  "time": "22:18:3"
 },
 {
  "type": "ask",
  "price": 1.23004,
  "amount": 4843.12390919,
  "time": "22:16:10"
 }
][
 {
  "type": "ask",
  "price": 1.23007,
  "amount": 4166.14842315,
  "time": "22:26:53"
 }
][
 {
  "type": "bid",
  "price": 1.23006,
  "amount": 843.57432208,
  "time": "22:28:25"
 },
 {
  "type": "ask",
  "price": 1.23007,
  "amount": 4166.14842315,
  "time": "22:26:53"
 },
 {
  "type": "ask",
  "price": 1.22824,
  "amount": 0.10931,
  "time": "22:26:10"
 },
 {
  "type": "bid",
  "price": 1.23187,
  "amount": 0.10049295,
  "time": "22:21:40"
 },
 {
  "type": "bid",
  "price": 1.23186,
  "amount": 0.10049295,
  "time": "22:21:38"
 },
 {
  "type": "bid",
  "price": 1.23184,
  "amount": 0.10049295,
  "time": "22:21:36"
 },
 {
  "type": "bid",
  "price": 1.23004,
  "amount": 5002.36871484,
  "time": "22:21:8"
 },
 {
  "type": "bid",
  "price": 1.23004,
  "amount": 2862.38847862,
  "time": "22:19:46"
 },
 {
  "type": "ask",
  "price": 1.23004,
  "amount": 4589.20749586,
  "time": "22:19:27"
 },
 {
  "type": "bid",
  "price": 1.23004,
  "amount": 3132.91123129,
  "time": "22:18:17"
 }
][
 {
  "type": "ask",
  "price": 1.23006,
  "amount": 5304.03389532,
  "time": "22:29:55"
 }
][
 {
  "type": "ask",
  "price": 1.22864,
  "amount": 1096.87915073,
  "time": "22:43:51"
 },
 {
  "type": "ask",
  "price": 1.22864,
  "amount": 4060.51552934,
  "time": "22:41:14"
 },
 {
  "type": "ask",
  "price": 1.22864,
  "amount": 2592.13003132,
  "time": "22:40:45"
 },
 {
  "type": "ask",
  "price": 1.22544,
  "amount": 9.96948025,
  "time": "22:40:21"
 },
 {
  "type": "bid",
  "price": 1.22562,
  "amount": 0.1,
  "time": "22:38:46"
 },
 {
  "type": "bid",
  "price": 1.22562,
  "amount": 0.10079342,
  "time": "22:38:46"
 },
 {
  "type": "bid",
  "price": 1.22555,
  "amount": 0.79920658,
  "time": "22:38:42"
 },
 {
  "type": "ask",
  "price": 1.22555,
  "amount": 0.10079342,
  "time": "22:38:40"
 },
 {
  "type": "bid",
  "price": 1.22543,
  "amount": 75.86081133,
  "time": "22:38:35"
 },
 {
  "type": "ask",
  "price": 1.22542,
  "amount": 75.09548958,
  "time": "22:38:33"
 }
][
 {
  "type": "ask",
  "price": 1.22874,
  "amount": 0.1172,
  "time": "22:47:11"
 }
][
 {
  "type": "ask",
  "price": 1.23034,
  "amount": 495.3157622,
  "time": "22:47:24"
 }
][
 {
  "type": "ask",
  "price": 1.23034,
  "amount": 1924.02847225,
  "time": "22:47:44"
 }
][
 {
  "type": "ask",
  "price": 1.23034,
  "amount": 529.79526078,
  "time": "22:51:51"
 }
][
 {
  "type": "ask",
  "price": 1.22884,
  "amount": 0.10144,
  "time": "22:52:27"
 }
][
 {
  "type": "ask",
  "price": 1.23034,
  "amount": 3130.67440219,
  "time": "22:52:36"
 }
][
 {
  "type": "bid",
  "price": 1.23184,
  "amount": 0.1,
  "time": "22:52:50"
 }
][
 {
  "type": "bid",
  "price": 1.23185,
  "amount": 0.10059183,
  "time": "22:52:52"
 }
][
 {
  "type": "bid",
  "price": 1.23186,
  "amount": 0.10059183,
  "time": "22:52:55"
 }
][
 {
  "type": "bid",
  "price": 1.23189,
  "amount": 0.10049295,
  "time": "22:52:58"
 }
][
 {
  "type": "bid",
  "price": 1.2319,
  "amount": 0.1,
  "time": "22:53:0"
 }
][
 {
  "type": "bid",
  "price": 1.23192,
  "amount": 0.10049295,
  "time": "22:53:3"
 }
][
 {
  "type": "bid",
  "price": 1.23222,
  "amount": 0.10049295,
  "time": "22:53:6"
 },
 {
  "type": "bid",
  "price": 1.23222,
  "amount": 209.39521732,
  "time": "22:53:6"
 },
 {
  "type": "bid",
  "price": 1.23221,
  "amount": 0.53879844,
  "time": "22:53:6"
 },
 {
  "type": "bid",
  "price": 1.23219,
  "amount": 0.10049295,
  "time": "22:53:6"
 },
 {
  "type": "bid",
  "price": 1.23216,
  "amount": 0.10049295,
  "time": "22:53:6"
 },
 {
  "type": "bid",
  "price": 1.23213,
  "amount": 0.10049295,
  "time": "22:53:6"
 },
 {
  "type": "bid",
  "price": 1.2321,
  "amount": 0.1,
  "time": "22:53:6"
 },
 {
  "type": "bid",
  "price": 1.2321,
  "amount": 0.10049295,
  "time": "22:53:6"
 },
 {
  "type": "bid",
  "price": 1.23207,
  "amount": 0.10049295,
  "time": "22:53:6"
 },
 {
  "type": "bid",
  "price": 1.23204,
  "amount": 0.10049295,
  "time": "22:53:6"
 }
][
 {
  "type": "bid",
  "price": 1.23225,
  "amount": 0.10049295,
  "time": "22:53:7"
 }
][
 {
  "type": "bid",
  "price": 1.2323,
  "amount": 0.1,
  "time": "22:53:9"
 }
][
 {
  "type": "bid",
  "price": 1.23231,
  "amount": 0.10049295,
  "time": "22:53:12"
 }
][
 {
  "type": "bid",
  "price": 1.23239,
  "amount": 0.10049295,
  "time": "22:53:15"
 },
 {
  "type": "bid",
  "price": 1.23236,
  "amount": 0.10049295,
  "time": "22:53:14"
 }
][
 {
  "type": "ask",
  "price": 1.23063,
  "amount": 2476.25815868,
  "time": "22:55:57"
 }
][
 {
  "type": "ask",
  "price": 1.23063,
  "amount": 4805.71412647,
  "time": "22:57:36"
 }
][
 {
  "type": "ask",
  "price": 1.23063,
  "amount": 4691.41556104,
  "time": "22:59:32"
 }
][
 {
  "type": "ask",
  "price": 1.23063,
  "amount": 4667.01119517,
  "time": "23:1:41"
 }
][
 {
  "type": "ask",
  "price": 1.23063,
  "amount": 4579.80753547,
  "time": "23:5:39"
 }
][
 {
  "type": "ask",
  "price": 1.22884,
  "amount": 0.10132,
  "time": "23:8:21"
 }
][
 {
  "type": "bid",
  "price": 1.2303,
  "amount": 45.50850642,
  "time": "23:11:11"
 },
 {
  "type": "ask",
  "price": 1.2303,
  "amount": 5064.15911686,
  "time": "23:11:9"
 }
][
 {
  "type": "ask",
  "price": 1.22969,
  "amount": 2127.11544444,
  "time": "23:18:1"
 }
][
 {
  "type": "ask",
  "price": 1.22969,
  "amount": 3234.4444682,
  "time": "23:20:57"
 }
][
 {
  "type": "ask",
  "price": 1.22969,
  "amount": 1452.91647155,
  "time": "23:22:32"
 }
][
 {
  "type": "ask",
  "price": 1.22712,
  "amount": 0.00198,
  "time": "23:24:8"
 },
 {
  "type": "ask",
  "price": 1.22762,
  "amount": 0.1,
  "time": "23:24:8"
 }
][
 {
  "type": "bid",
  "price": 1.22944,
  "amount": 3720.23747926,
  "time": "23:24:29"
 }
][
 {
  "type": "bid",
  "price": 1.22944,
  "amount": 5398.06970238,
  "time": "23:25:31"
 }
][
 {
  "type": "ask",
  "price": 1.22712,
  "amount": 0.09802,
  "time": "23:26:33"
 }
][
 {
  "type": "ask",
  "price": 1.22671,
  "amount": 0.13141628,
  "time": "23:26:37"
 }
][
 {
  "type": "ask",
  "price": 1.2267,
  "amount": 22.06206432,
  "time": "23:27:12"
 }
][
 {
  "type": "ask",
  "price": 1.2268,
  "amount": 6,
  "time": "23:27:38"
 }
][
 {
  "type": "ask",
  "price": 1.2267,
  "amount": 185.90218455,
  "time": "23:31:14"
 }
][
 {
  "type": "ask",
  "price": 1.2268,
  "amount": 6,
  "time": "23:33:1"
 }
][
 {
  "type": "ask",
  "price": 1.22662,
  "amount": 0.1,
  "time": "23:33:58"
 }
][
 {
  "type": "bid",
  "price": 1.22903,
  "amount": 4716.11903184,
  "time": "23:38:28"
 }
][
 {
  "type": "ask",
  "price": 1.22629,
  "amount": 0.1176,
  "time": "23:39:56"
 }
][
 {
  "type": "ask",
  "price": 1.22903,
  "amount": 3062.42387876,
  "time": "23:41:33"
 }
][
 {
  "type": "ask",
  "price": 1.22629,
  "amount": 0.98376099,
  "time": "23:43:7"
 }
][
 {
  "type": "bid",
  "price": 1.23222,
  "amount": 32.20958729,
  "time": "23:43:13"
 },
 {
  "type": "bid",
  "price": 1.23221,
  "amount": 0.11113539,
  "time": "23:43:13"
 },
 {
  "type": "bid",
  "price": 1.23176,
  "amount": 0.149999,
  "time": "23:43:13"
 }
][
 {
  "type": "bid",
  "price": 1.23222,
  "amount": 174.85726764,
  "time": "23:43:16"
 }
][
 {
  "type": "ask",
  "price": 1.22612,
  "amount": 0.1,
  "time": "23:43:18"
 }
][
 {
  "type": "ask",
  "price": 1.22595,
  "amount": 0.10079342,
  "time": "23:43:22"
 }
][
 {
  "type": "ask",
  "price": 1.22592,
  "amount": 0.10079342,
  "time": "23:43:27"
 }
][
 {
  "type": "ask",
  "price": 1.2259,
  "amount": 0.10021,
  "time": "23:43:30"
 }
][
 {
  "type": "ask",
  "price": 1.22587,
  "amount": 0.10079342,
  "time": "23:43:33"
 }
][
 {
  "type": "ask",
  "price": 1.22583,
  "amount": 1.26704934,
  "time": "23:43:36"
 }
][
 {
  "type": "ask",
  "price": 1.22581,
  "amount": 0.00058342,
  "time": "23:43:39"
 },
 {
  "type": "ask",
  "price": 1.2259,
  "amount": 0.10021,
  "time": "23:43:39"
 }
][
 {
  "type": "ask",
  "price": 1.22581,
  "amount": 0.10021,
  "time": "23:43:42"
 }
][
 {
  "type": "ask",
  "price": 1.22578,
  "amount": 0.10079342,
  "time": "23:43:45"
 }
][
 {
  "type": "ask",
  "price": 1.22575,
  "amount": 0.10079342,
  "time": "23:43:49"
 }
][
 {
  "type": "ask",
  "price": 1.22671,
  "amount": 0.110842,
  "time": "23:43:53"
 }
][
 {
  "type": "ask",
  "price": 1.2267,
  "amount": 0.10099,
  "time": "23:45:11"
 }
][
 {
  "type": "bid",
  "price": 1.23217,
  "amount": 0.10059183,
  "time": "23:45:35"
 }
][
 {
  "type": "ask",
  "price": 1.23217,
  "amount": 0.83909354,
  "time": "23:45:39"
 }
][
 {
  "type": "ask",
  "price": 1.2267,
  "amount": 32.4282627,
  "time": "23:48:7"
 }
][
 {
  "type": "ask",
  "price": 1.2294,
  "amount": 1720.61978476,
  "time": "23:52:10"
 }
][
 {
  "type": "ask",
  "price": 1.2294,
  "amount": 2062.37961527,
  "time": "23:52:52"
 }
][
 {
  "type": "bid",
  "price": 1.2294,
  "amount": 1811.33763082,
  "time": "23:58:27"
 }
][
 {
  "type": "ask",
  "price": 1.2294,
  "amount": 797.76120814,
  "time": "23:58:45"
 }
][
 {
  "type": "ask",
  "price": 1.2267,
  "amount": 174.38003996,
  "time": "23:58:59"
 }
][
 {
  "type": "ask",
  "price": 1.22555,
  "amount": 0.88788882,
  "time": "23:59:35"
 },
 {
  "type": "ask",
  "price": 1.22557,
  "amount": 0.10079342,
  "time": "23:59:35"
 },
 {
  "type": "ask",
  "price": 1.2256,
  "amount": 0.10079342,
  "time": "23:59:35"
 },
 {
  "type": "ask",
  "price": 1.22562,
  "amount": 0.1,
  "time": "23:59:35"
 },
 {
  "type": "ask",
  "price": 1.22563,
  "amount": 0.10079342,
  "time": "23:59:35"
 },
 {
  "type": "ask",
  "price": 1.22566,
  "amount": 0.10079342,
  "time": "23:59:35"
 },
 {
  "type": "ask",
  "price": 1.22569,
  "amount": 0.10079342,
  "time": "23:59:35"
 },
 {
  "type": "ask",
  "price": 1.22572,
  "amount": 0.10079342,
  "time": "23:59:35"
 },
 {
  "type": "ask",
  "price": 1.22573,
  "amount": 0.1008926,
  "time": "23:59:35"
 }
][
 {
  "type": "ask",
  "price": 1.22555,
  "amount": 0.11211118,
  "time": "0:0:8"
 }
][
 {
  "type": "bid",
  "price": 1.22877,
  "amount": 3102.29490635,
  "time": "0:0:11"
 }
][
 {
  "type": "ask",
  "price": 1.22551,
  "amount": 0.00443658,
  "time": "0:0:55"
 },
 {
  "type": "ask",
  "price": 1.22554,
  "amount": 0.10079342,
  "time": "0:0:55"
 }
][
 {
  "type": "ask",
  "price": 1.22873,
  "amount": 3106.84327046,
  "time": "0:2:8"
 }
][
 {
  "type": "ask",
  "price": 1.2255,
  "amount": 0.01461316,
  "time": "0:6:15"
 },
 {
  "type": "ask",
  "price": 1.22551,
  "amount": 0.09635684,
  "time": "0:6:15"
 }
][
 {
  "type": "ask",
  "price": 1.22918,
  "amount": 320.6502298,
  "time": "0:11:30"
 }
][
 {
  "type": "ask",
  "price": 1.22918,
  "amount": 1332.94776487,
  "time": "0:12:42"
 }
][
 {
  "type": "ask",
  "price": 1.22918,
  "amount": 1692.32516875,
  "time": "0:12:52"
 }
][
 {
  "type": "ask",
  "price": 1.22918,
  "amount": 777.70302411,
  "time": "0:12:57"
 }
][
 {
  "type": "ask",
  "price": 1.22918,
  "amount": 1106.77807487,
  "time": "0:14:25"
 }
][
 {
  "type": "ask",
  "price": 1.22918,
  "amount": 3729.61639229,
  "time": "0:15:26"
 }
][
 {
  "type": "ask",
  "price": 1.22918,
  "amount": 3486.90326761,
  "time": "0:16:6"
 }
][
 {
  "type": "ask",
  "price": 1.22712,
  "amount": 0.00581,
  "time": "0:16:44"
 },
 {
  "type": "ask",
  "price": 1.22762,
  "amount": 0.1,
  "time": "0:16:44"
 }
][
 {
  "type": "ask",
  "price": 1.22893,
  "amount": 3860.76260267,
  "time": "0:17:32"
 }
][
 {
  "type": "ask",
  "price": 1.22893,
  "amount": 1498.28519425,
  "time": "0:21:2"
 }
][
 {
  "type": "ask",
  "price": 1.22893,
  "amount": 5165.94096112,
  "time": "0:24:52"
 }
][
 {
  "type": "ask",
  "price": 1.22662,
  "amount": 0.01951,
  "time": "0:32:28"
 },
 {
  "type": "ask",
  "price": 1.22712,
  "amount": 0.09419,
  "time": "0:32:28"
 }
][
 {
  "type": "ask",
  "price": 1.22868,
  "amount": 4589.91277972,
  "time": "0:33:2"
 }
][
 {
  "type": "bid",
  "price": 1.23074,
  "amount": 0.149999,
  "time": "0:34:51"
 }
][
 {
  "type": "bid",
  "price": 1.23125,
  "amount": 0.149999,
  "time": "0:36:58"
 }
][
 {
  "type": "bid",
  "price": 1.23176,
  "amount": 0.149999,
  "time": "0:36:59"
 }
][
 {
  "type": "bid",
  "price": 1.23193,
  "amount": 0.10059183,
  "time": "0:37:3"
 }
][
 {
  "type": "bid",
  "price": 1.23196,
  "amount": 0.10059183,
  "time": "0:37:5"
 }
][
 {
  "type": "bid",
  "price": 1.23199,
  "amount": 0.10059183,
  "time": "0:37:7"
 }
][
 {
  "type": "bid",
  "price": 1.23205,
  "amount": 0.10059183,
  "time": "0:37:11"
 },
 {
  "type": "bid",
  "price": 1.23202,
  "amount": 0.10059183,
  "time": "0:37:9"
 }
][
 {
  "type": "bid",
  "price": 1.23208,
  "amount": 0.10059183,
  "time": "0:37:13"
 }
][
 {
  "type": "bid",
  "price": 1.23211,
  "amount": 0.10059183,
  "time": "0:37:21"
 },
 {
  "type": "bid",
  "price": 1.2321,
  "amount": 0.1,
  "time": "0:37:19"
 }
][
 {
  "type": "bid",
  "price": 1.23214,
  "amount": 0.10059183,
  "time": "0:37:23"
 }
][
 {
  "type": "bid",
  "price": 1.23215,
  "amount": 0.10069081,
  "time": "0:37:25"
 }
][
 {
  "type": "bid",
  "price": 1.2322,
  "amount": 0.10059183,
  "time": "0:37:29"
 }
][
 {
  "type": "bid",
  "price": 1.23221,
  "amount": 0.11057091,
  "time": "0:37:31"
 }
][
 {
  "type": "bid",
  "price": 1.23222,
  "amount": 205.371545,
  "time": "0:37:34"
 }
][
 {
  "type": "bid",
  "price": 1.23223,
  "amount": 0.10059183,
  "time": "0:37:40"
 }
][
 {
  "type": "bid",
  "price": 1.23227,
  "amount": 0.149999,
  "time": "0:37:42"
 }
][
 {
  "type": "bid",
  "price": 1.23229,
  "amount": 0.10059183,
  "time": "0:37:43"
 },
 {
  "type": "ask",
  "price": 1.22671,
  "amount": 0.1054,
  "time": "0:37:43"
 }
][
 {
  "type": "bid",
  "price": 1.2323,
  "amount": 0.1,
  "time": "0:37:47"
 }
][
 {
  "type": "bid",
  "price": 1.23235,
  "amount": 0.10059183,
  "time": "0:37:51"
 }
][
 {
  "type": "bid",
  "price": 1.23238,
  "amount": 0.10059183,
  "time": "0:37:56"
 }
][
 {
  "type": "bid",
  "price": 1.23242,
  "amount": 0.10049295,
  "time": "0:38:1"
 }
][
 {
  "type": "bid",
  "price": 1.23245,
  "amount": 0.10049295,
  "time": "0:38:59"
 }
][
 {
  "type": "bid",
  "price": 1.23248,
  "amount": 0.10049295,
  "time": "0:39:6"
 }
][
 {
  "type": "bid",
  "price": 1.2325,
  "amount": 0.1,
  "time": "0:39:10"
 }
][
 {
  "type": "bid",
  "price": 1.23251,
  "amount": 0.10049295,
  "time": "0:39:31"
 }
][
 {
  "type": "bid",
  "price": 1.23255,
  "amount": 0.10039416,
  "time": "0:39:35"
 }
][
 {
  "type": "bid",
  "price": 1.23258,
  "amount": 0.10039416,
  "time": "0:39:37"
 }
][
 {
  "type": "bid",
  "price": 1.23261,
  "amount": 0.10039416,
  "time": "0:39:39"
 }
][
 {
  "type": "bid",
  "price": 1.23264,
  "amount": 0.10039416,
  "time": "0:39:41"
 }
][
 {
  "type": "bid",
  "price": 1.23283,
  "amount": 5,
  "time": "0:40:6"
 },
 {
  "type": "bid",
  "price": 1.23283,
  "amount": 0.10029548,
  "time": "0:40:6"
 },
 {
  "type": "bid",
  "price": 1.23282,
  "amount": 4.97596875,
  "time": "0:40:6"
 },
 {
  "type": "bid",
  "price": 1.2328,
  "amount": 0.10029548,
  "time": "0:40:6"
 },
 {
  "type": "bid",
  "price": 1.23278,
  "amount": 0.149999,
  "time": "0:40:6"
 },
 {
  "type": "bid",
  "price": 1.23277,
  "amount": 0.10029548,
  "time": "0:40:6"
 },
 {
  "type": "bid",
  "price": 1.23274,
  "amount": 0.10029548,
  "time": "0:40:6"
 },
 {
  "type": "bid",
  "price": 1.2327,
  "amount": 0.1,
  "time": "0:40:6"
 },
 {
  "type": "bid",
  "price": 1.2327,
  "amount": 0.10039416,
  "time": "0:40:6"
 },
 {
  "type": "bid",
  "price": 1.23267,
  "amount": 0.10039416,
  "time": "0:40:6"
 }
][
 {
  "type": "bid",
  "price": 1.23286,
  "amount": 0.10029548,
  "time": "0:40:36"
 }
][
 {
  "type": "bid",
  "price": 1.23289,
  "amount": 0.10029548,
  "time": "0:40:38"
 }
][
 {
  "type": "bid",
  "price": 1.2329,
  "amount": 0.1,
  "time": "0:40:42"
 }
][
 {
  "type": "bid",
  "price": 1.23292,
  "amount": 0.10029548,
  "time": "0:40:43"
 }
][
 {
  "type": "bid",
  "price": 1.23295,
  "amount": 0.10029548,
  "time": "0:40:46"
 }
][
 {
  "type": "bid",
  "price": 1.23297,
  "amount": 0.10039416,
  "time": "0:40:48"
 }
][
 {
  "type": "bid",
  "price": 1.233,
  "amount": 0.10039416,
  "time": "0:40:52"
 }
][
 {
  "type": "bid",
  "price": 1.23303,
  "amount": 0.06924316,
  "time": "0:40:53"
 }
][
 {
  "type": "bid",
  "price": 1.23306,
  "amount": 0.10039416,
  "time": "0:40:55"
 }
][
 {
  "type": "bid",
  "price": 1.23309,
  "amount": 0.10039416,
  "time": "0:40:57"
 }
][
 {
  "type": "bid",
  "price": 1.2331,
  "amount": 0.1,
  "time": "0:40:59"
 }
][
 {
  "type": "bid",
  "price": 1.23311,
  "amount": 0.10049295,
  "time": "0:41:1"
 }
][
 {
  "type": "ask",
  "price": 1.22992,
  "amount": 4421.14534053,
  "time": "0:41:38"
 }
][
 {
  "type": "ask",
  "price": 1.22992,
  "amount": 5042.07070048,
  "time": "0:42:11"
 }
][
 {
  "type": "bid",
  "price": 1.23313,
  "amount": 0.10059183,
  "time": "0:42:33"
 }
][
 {
  "type": "bid",
  "price": 1.23339,
  "amount": 13.48043649,
  "time": "0:43:10"
 },
 {
  "type": "bid",
  "price": 1.23339,
  "amount": 18.99665357,
  "time": "0:43:8"
 },
 {
  "type": "bid",
  "price": 1.23338,
  "amount": 0.4923493,
  "time": "0:43:8"
 },
 {
  "type": "bid",
  "price": 1.23338,
  "amount": 0.10078988,
  "time": "0:43:8"
 },
 {
  "type": "bid",
  "price": 1.23335,
  "amount": 0.10078988,
  "time": "0:43:8"
 },
 {
  "type": "bid",
  "price": 1.23332,
  "amount": 0.10078988,
  "time": "0:43:8"
 },
 {
  "type": "bid",
  "price": 1.2333,
  "amount": 0.1,
  "time": "0:43:8"
 },
 {
  "type": "bid",
  "price": 1.23329,
  "amount": 0.149999,
  "time": "0:43:8"
 },
 {
  "type": "bid",
  "price": 1.23329,
  "amount": 0.10078988,
  "time": "0:43:8"
 },
 {
  "type": "bid",
  "price": 1.23326,
  "amount": 0.10078988,
  "time": "0:43:8"
 }
][
 {
  "type": "bid",
  "price": 1.23339,
  "amount": 20.41690994,
  "time": "0:43:20"
 }
][
 {
  "type": "bid",
  "price": 1.2334,
  "amount": 9.98,
  "time": "0:43:24"
 }
][
 {
  "type": "bid",
  "price": 1.234,
  "amount": 5.08979999,
  "time": "0:43:30"
 },
 {
  "type": "bid",
  "price": 1.234,
  "amount": 5.08979999,
  "time": "0:43:30"
 },
 {
  "type": "bid",
  "price": 1.23399,
  "amount": 0.17728509,
  "time": "0:43:30"
 },
 {
  "type": "bid",
  "price": 1.2339,
  "amount": 0.1,
  "time": "0:43:30"
 },
 {
  "type": "bid",
  "price": 1.2338,
  "amount": 0.149999,
  "time": "0:43:30"
 },
 {
  "type": "bid",
  "price": 1.2337,
  "amount": 0.1,
  "time": "0:43:30"
 },
 {
  "type": "bid",
  "price": 1.2335,
  "amount": 0.1,
  "time": "0:43:30"
 },
 {
  "type": "bid",
  "price": 1.23347,
  "amount": 0.16835661,
  "time": "0:43:30"
 },
 {
  "type": "bid",
  "price": 1.23344,
  "amount": 0.10078988,
  "time": "0:43:30"
 },
 {
  "type": "bid",
  "price": 1.23341,
  "amount": 0.10078988,
  "time": "0:43:30"
 }
][
 {
  "type": "bid",
  "price": 1.23426,
  "amount": 0.81834,
  "time": "0:43:31"
 },
 {
  "type": "bid",
  "price": 1.23423,
  "amount": 1.86158,
  "time": "0:43:31"
 },
 {
  "type": "bid",
  "price": 1.23422,
  "amount": 0.66643,
  "time": "0:43:31"
 },
 {
  "type": "bid",
  "price": 1.23421,
  "amount": 0.60773,
  "time": "0:43:31"
 },
 {
  "type": "bid",
  "price": 1.23417,
  "amount": 0.95319,
  "time": "0:43:31"
 },
 {
  "type": "bid",
  "price": 1.23416,
  "amount": 0.81588,
  "time": "0:43:31"
 },
 {
  "type": "bid",
  "price": 1.23413,
  "amount": 1.86159,
  "time": "0:43:31"
 },
 {
  "type": "bid",
  "price": 1.23412,
  "amount": 0.66643,
  "time": "0:43:31"
 },
 {
  "type": "bid",
  "price": 1.2341,
  "amount": 0.1,
  "time": "0:43:31"
 }
][
 {
  "type": "bid",
  "price": 1.2343,
  "amount": 0.1,
  "time": "0:43:35"
 },
 {
  "type": "bid",
  "price": 1.2343,
  "amount": 5,
  "time": "0:43:35"
 },
 {
  "type": "bid",
  "price": 1.2343,
  "amount": 90.8067761,
  "time": "0:43:35"
 },
 {
  "type": "bid",
  "price": 1.23429,
  "amount": 5,
  "time": "0:43:35"
 },
 {
  "type": "bid",
  "price": 1.23428,
  "amount": 4.95,
  "time": "0:43:35"
 },
 {
  "type": "bid",
  "price": 1.23427,
  "amount": 0.95318,
  "time": "0:43:35"
 },
 {
  "type": "bid",
  "price": 1.23416,
  "amount": 5.988,
  "time": "0:43:35"
 }
][
 {
  "type": "bid",
  "price": 1.2344,
  "amount": 9.98,
  "time": "0:43:37"
 },
 {
  "type": "bid",
  "price": 1.23439,
  "amount": 0.12345229,
  "time": "0:43:37"
 },
 {
  "type": "bid",
  "price": 1.23437,
  "amount": 0.95604,
  "time": "0:43:37"
 },
 {
  "type": "bid",
  "price": 1.23436,
  "amount": 0.82082,
  "time": "0:43:37"
 },
 {
  "type": "bid",
  "price": 1.23435,
  "amount": 5,
  "time": "0:43:37"
 },
 {
  "type": "bid",
  "price": 1.23433,
  "amount": 1.86724,
  "time": "0:43:36"
 },
 {
  "type": "bid",
  "price": 1.23432,
  "amount": 0.66643,
  "time": "0:43:36"
 },
 {
  "type": "bid",
  "price": 1.23432,
  "amount": 5,
  "time": "0:43:36"
 },
 {
  "type": "bid",
  "price": 1.23431,
  "amount": 0.149999,
  "time": "0:43:36"
 },
 {
  "type": "bid",
  "price": 1.23431,
  "amount": 0.60957,
  "time": "0:43:36"
 }
][
 {
  "type": "bid",
  "price": 1.23448,
  "amount": 78.52716612,
  "time": "0:43:39"
 },
 {
  "type": "bid",
  "price": 1.23447,
  "amount": 0.95604,
  "time": "0:43:39"
 },
 {
  "type": "bid",
  "price": 1.23446,
  "amount": 0.82082,
  "time": "0:43:39"
 },
 {
  "type": "bid",
  "price": 1.23443,
  "amount": 1.86723,
  "time": "0:43:39"
 },
 {
  "type": "bid",
  "price": 1.23442,
  "amount": 0.66643,
  "time": "0:43:39"
 },
 {
  "type": "bid",
  "price": 1.23441,
  "amount": 0.60957,
  "time": "0:43:39"
 }
][
 {
  "type": "bid",
  "price": 1.23459,
  "amount": 4.98,
  "time": "0:43:41"
 },
 {
  "type": "bid",
  "price": 1.23458,
  "amount": 4.99,
  "time": "0:43:41"
 },
 {
  "type": "bid",
  "price": 1.23457,
  "amount": 0.81832,
  "time": "0:43:40"
 },
 {
  "type": "bid",
  "price": 1.23457,
  "amount": 0.95312,
  "time": "0:43:40"
 },
 {
  "type": "bid",
  "price": 1.23456,
  "amount": 4.21954876,
  "time": "0:43:40"
 },
 {
  "type": "bid",
  "price": 1.23453,
  "amount": 1.86722,
  "time": "0:43:40"
 },
 {
  "type": "bid",
  "price": 1.23452,
  "amount": 0.66643,
  "time": "0:43:40"
 },
 {
  "type": "bid",
  "price": 1.23451,
  "amount": 0.60956,
  "time": "0:43:40"
 },
 {
  "type": "bid",
  "price": 1.2345,
  "amount": 0.1,
  "time": "0:43:40"
 }
][
 {
  "type": "bid",
  "price": 1.2347,
  "amount": 5.08979999,
  "time": "0:43:44"
 },
 {
  "type": "bid",
  "price": 1.2347,
  "amount": 5.08979999,
  "time": "0:43:44"
 },
 {
  "type": "bid",
  "price": 1.2347,
  "amount": 0.1,
  "time": "0:43:44"
 },
 {
  "type": "bid",
  "price": 1.2347,
  "amount": 0.10024499,
  "time": "0:43:44"
 },
 {
  "type": "bid",
  "price": 1.23469,
  "amount": 5,
  "time": "0:43:43"
 },
 {
  "type": "bid",
  "price": 1.23469,
  "amount": 0.10024499,
  "time": "0:43:43"
 },
 {
  "type": "bid",
  "price": 1.23468,
  "amount": 0.10024259,
  "time": "0:43:43"
 },
 {
  "type": "bid",
  "price": 1.23467,
  "amount": 0.81828,
  "time": "0:43:43"
 },
 {
  "type": "bid",
  "price": 1.23467,
  "amount": 0.95311,
  "time": "0:43:43"
 },
 {
  "type": "bid",
  "price": 1.23467,
  "amount": 0.10032037,
  "time": "0:43:43"
 }
][
 {
  "type": "bid",
  "price": 1.235,
  "amount": 11.83018867,
  "time": "0:45:54"
 },
 {
  "type": "bid",
  "price": 1.23499,
  "amount": 168.84018,
  "time": "0:45:54"
 },
 {
  "type": "bid",
  "price": 1.23498,
  "amount": 9.89044952,
  "time": "0:45:54"
 },
 {
  "type": "bid",
  "price": 1.23497,
  "amount": 0.18597389,
  "time": "0:45:54"
 },
 {
  "type": "bid",
  "price": 1.23497,
  "amount": 0.81825,
  "time": "0:45:54"
 },
 {
  "type": "bid",
  "price": 1.23497,
  "amount": 0.95306,
  "time": "0:45:54"
 },
 {
  "type": "bid",
  "price": 1.23492,
  "amount": 1.87287,
  "time": "0:45:54"
 },
 {
  "type": "bid",
  "price": 1.23492,
  "amount": 0.66643,
  "time": "0:45:54"
 },
 {
  "type": "bid",
  "price": 1.23492,
  "amount": 0.61142,
  "time": "0:45:54"
 },
 {
  "type": "bid",
  "price": 1.2349,
  "amount": 0.1,
  "time": "0:45:54"
 }
][
 {
  "type": "bid",
  "price": 1.235,
  "amount": 69.78913419,
  "time": "0:45:57"
 },
 {
  "type": "bid",
  "price": 1.235,
  "amount": 170.49111841,
  "time": "0:45:55"
 }
][
 {
  "type": "bid",
  "price": 1.235,
  "amount": 14.3424297,
  "time": "0:46:0"
 },
 {
  "type": "bid",
  "price": 1.2349,
  "amount": 5.988,
  "time": "0:46:0"
 }
][
 {
  "type": "bid",
  "price": 1.235,
  "amount": 28.69220125,
  "time": "0:46:29"
 }
][
 {
  "type": "bid",
  "price": 1.235,
  "amount": 54.00482645,
  "time": "0:46:30"
 }
][
 {
  "type": "bid",
  "price": 1.235,
  "amount": 85.47819233,
  "time": "0:46:35"
 },
 {
  "type": "bid",
  "price": 1.235,
  "amount": 22.69363865,
  "time": "0:46:33"
 }
][
 {
  "type": "bid",
  "price": 1.235,
  "amount": 19.87149178,
  "time": "0:46:40"
 },
 {
  "type": "bid",
  "price": 1.235,
  "amount": 37.67827035,
  "time": "0:46:40"
 }
][
 {
  "type": "bid",
  "price": 1.235,
  "amount": 0.21681631,
  "time": "0:46:53"
 },
 {
  "type": "bid",
  "price": 1.235,
  "amount": 51.7961,
  "time": "0:46:53"
 },
 {
  "type": "bid",
  "price": 1.235,
  "amount": 4.88,
  "time": "0:46:53"
 },
 {
  "type": "bid",
  "price": 1.235,
  "amount": 16.93365083,
  "time": "0:46:53"
 }
][
 {
  "type": "bid",
  "price": 1.23529,
  "amount": 23.62520598,
  "time": "0:46:59"
 },
 {
  "type": "bid",
  "price": 1.23528,
  "amount": 0.95013,
  "time": "0:46:59"
 },
 {
  "type": "bid",
  "price": 1.23526,
  "amount": 0.81325,
  "time": "0:46:59"
 },
 {
  "type": "bid",
  "price": 1.23522,
  "amount": 0.66643,
  "time": "0:46:58"
 },
 {
  "type": "bid",
  "price": 1.23522,
  "amount": 1.87285,
  "time": "0:46:58"
 },
 {
  "type": "bid",
  "price": 1.23522,
  "amount": 0.61142,
  "time": "0:46:58"
 },
 {
  "type": "bid",
  "price": 1.23518,
  "amount": 0.94726,
  "time": "0:46:58"
 },
 {
  "type": "bid",
  "price": 1.23516,
  "amount": 0.81327,
  "time": "0:46:58"
 },
 {
  "type": "bid",
  "price": 1.23512,
  "amount": 0.61142,
  "time": "0:46:58"
 },
 {
  "type": "bid",
  "price": 1.23512,
  "amount": 1.87285,
  "time": "0:46:58"
 }
][
 {
  "type": "bid",
  "price": 1.23529,
  "amount": 128.33095402,
  "time": "0:47:1"
 }
][
 {
  "type": "bid",
  "price": 1.2353,
  "amount": 50.86521391,
  "time": "0:47:5"
 },
 {
  "type": "bid",
  "price": 1.2353,
  "amount": 77.32424531,
  "time": "0:47:3"
 },
 {
  "type": "bid",
  "price": 1.2353,
  "amount": 0.1,
  "time": "0:47:3"
 }
][
 {
  "type": "bid",
  "price": 1.2353,
  "amount": 82.75513451,
  "time": "0:47:7"
 },
 {
  "type": "bid",
  "price": 1.2353,
  "amount": 22.4860335,
  "time": "0:47:6"
 }
][
 {
  "type": "bid",
  "price": 1.2352,
  "amount": 5.988,
  "time": "0:47:20"
 }
][
 {
  "type": "bid",
  "price": 1.2353,
  "amount": 206.17180893,
  "time": "0:47:40"
 }
][
 {
  "type": "bid",
  "price": 1.2353,
  "amount": 46.50551769,
  "time": "0:47:42"
 }
][
 {
  "type": "bid",
  "price": 1.2353,
  "amount": 34.07044045,
  "time": "0:47:46"
 },
 {
  "type": "bid",
  "price": 1.2353,
  "amount": 54.23247558,
  "time": "0:47:44"
 }
][
 {
  "type": "bid",
  "price": 1.2353,
  "amount": 24.18363725,
  "time": "0:47:56"
 }
][
 {
  "type": "bid",
  "price": 1.2353,
  "amount": 80.34103789,
  "time": "0:47:59"
 }
][
 {
  "type": "bid",
  "price": 1.2353,
  "amount": 223.86108976,
  "time": "0:48:25"
 }
][
 {
  "type": "bid",
  "price": 1.2354,
  "amount": 9.98,
  "time": "0:48:42"
 },
 {
  "type": "bid",
  "price": 1.23539,
  "amount": 0.12955303,
  "time": "0:48:42"
 },
 {
  "type": "bid",
  "price": 1.23538,
  "amount": 0.95012,
  "time": "0:48:42"
 },
 {
  "type": "bid",
  "price": 1.23536,
  "amount": 0.81571,
  "time": "0:48:42"
 },
 {
  "type": "bid",
  "price": 1.23533,
  "amount": 0.149999,
  "time": "0:48:42"
 },
 {
  "type": "bid",
  "price": 1.23532,
  "amount": 0.61328,
  "time": "0:48:42"
 },
 {
  "type": "bid",
  "price": 1.23532,
  "amount": 1.87852,
  "time": "0:48:42"
 },
 {
  "type": "bid",
  "price": 1.23532,
  "amount": 0.66643,
  "time": "0:48:42"
 },
 {
  "type": "bid",
  "price": 1.2353,
  "amount": 7.39905845,
  "time": "0:48:42"
 },
 {
  "type": "bid",
  "price": 1.2352,
  "amount": 5.988,
  "time": "0:48:42"
 }
][
 {
  "type": "bid",
  "price": 1.23554,
  "amount": 19.85952827,
  "time": "0:48:43"
 },
 {
  "type": "bid",
  "price": 1.23552,
  "amount": 1.87851,
  "time": "0:48:43"
 },
 {
  "type": "bid",
  "price": 1.23552,
  "amount": 0.66846,
  "time": "0:48:43"
 },
 {
  "type": "bid",
  "price": 1.23552,
  "amount": 0.61328,
  "time": "0:48:43"
 },
 {
  "type": "bid",
  "price": 1.2355,
  "amount": 0.1,
  "time": "0:48:43"
 },
 {
  "type": "bid",
  "price": 1.23548,
  "amount": 0.9501,
  "time": "0:48:43"
 },
 {
  "type": "bid",
  "price": 1.23546,
  "amount": 0.81569,
  "time": "0:48:43"
 },
 {
  "type": "bid",
  "price": 1.23542,
  "amount": 1.88992,
  "time": "0:48:43"
 },
 {
  "type": "bid",
  "price": 1.23542,
  "amount": 0.66643,
  "time": "0:48:43"
 },
 {
  "type": "bid",
  "price": 1.23542,
  "amount": 0.61703,
  "time": "0:48:43"
 }
][
 {
  "type": "bid",
  "price": 1.23556,
  "amount": 0.42672325,
  "time": "0:49:28"
 },
 {
  "type": "bid",
  "price": 1.23554,
  "amount": 3.57741823,
  "time": "0:49:28"
 }
][
 {
  "type": "bid",
  "price": 1.23568,
  "amount": 0.95008,
  "time": "0:49:30"
 },
 {
  "type": "bid",
  "price": 1.23566,
  "amount": 0.81565,
  "time": "0:49:30"
 },
 {
  "type": "bid",
  "price": 1.23562,
  "amount": 0.67049,
  "time": "0:49:30"
 },
 {
  "type": "bid",
  "price": 1.23562,
  "amount": 1.88419,
  "time": "0:49:30"
 },
 {
  "type": "bid",
  "price": 1.23562,
  "amount": 0.61515,
  "time": "0:49:30"
 },
 {
  "type": "bid",
  "price": 1.23558,
  "amount": 0.95298,
  "time": "0:49:30"
 },
 {
  "type": "bid",
  "price": 1.23556,
  "amount": 13.3310052,
  "time": "0:49:30"
 },
 {
  "type": "bid",
  "price": 1.23556,
  "amount": 0.39143675,
  "time": "0:49:30"
 }
][
 {
  "type": "bid",
  "price": 1.2359,
  "amount": 9.98,
  "time": "0:49:32"
 },
 {
  "type": "bid",
  "price": 1.2359,
  "amount": 37.19239238,
  "time": "0:49:32"
 },
 {
  "type": "bid",
  "price": 1.2359,
  "amount": 161.40960762,
  "time": "0:49:32"
 },
 {
  "type": "bid",
  "price": 1.23589,
  "amount": 0.1591067,
  "time": "0:49:32"
 },
 {
  "type": "bid",
  "price": 1.23587,
  "amount": 0.94429,
  "time": "0:49:32"
 },
 {
  "type": "bid",
  "price": 1.23586,
  "amount": 0.81071,
  "time": "0:49:32"
 },
 {
  "type": "bid",
  "price": 1.23584,
  "amount": 0.149999,
  "time": "0:49:32"
 },
 {
  "type": "bid",
  "price": 1.23582,
  "amount": 1.88417,
  "time": "0:49:32"
 },
 {
  "type": "bid",
  "price": 1.23582,
  "amount": 0.61515,
  "time": "0:49:32"
 },
 {
  "type": "bid",
  "price": 1.23582,
  "amount": 0.67047,
  "time": "0:49:32"
 }
][
 {
  "type": "bid",
  "price": 1.23599,
  "amount": 100.94207096,
  "time": "0:49:34"
 },
 {
  "type": "bid",
  "price": 1.23599,
  "amount": 100.00723502,
  "time": "0:49:34"
 },
 {
  "type": "bid",
  "price": 1.23597,
  "amount": 0.998,
  "time": "0:49:34"
 },
 {
  "type": "bid",
  "price": 1.23597,
  "amount": 0.94427,
  "time": "0:49:34"
 },
 {
  "type": "bid",
  "price": 1.23596,
  "amount": 0.8107,
  "time": "0:49:34"
 },
 {
  "type": "bid",
  "price": 1.23592,
  "amount": 1.88416,
  "time": "0:49:34"
 },
 {
  "type": "bid",
  "price": 1.23592,
  "amount": 0.67047,
  "time": "0:49:34"
 },
 {
  "type": "bid",
  "price": 1.23592,
  "amount": 0.61515,
  "time": "0:49:34"
 }
][
 {
  "type": "bid",
  "price": 1.23599,
  "amount": 33.03408014,
  "time": "0:49:46"
 }
][
 {
  "type": "bid",
  "price": 1.236,
  "amount": 40.42705459,
  "time": "0:49:48"
 },
 {
  "type": "bid",
  "price": 1.236,
  "amount": 24.95,
  "time": "0:49:48"
 },
 {
  "type": "bid",
  "price": 1.236,
  "amount": 10.04128014,
  "time": "0:49:48"
 },
 {
  "type": "bid",
  "price": 1.236,
  "amount": 10.03203841,
  "time": "0:49:48"
 },
 {
  "type": "bid",
  "price": 1.23599,
  "amount": 2.7843889,
  "time": "0:49:48"
 }
][
 {
  "type": "bid",
  "price": 1.23578,
  "amount": 3832.5157763,
  "time": "0:49:49"
 },
 {
  "type": "bid",
  "price": 1.236,
  "amount": 27.37230757,
  "time": "0:49:49"
 }
][
 {
  "type": "bid",
  "price": 1.236,
  "amount": 6.95135739,
  "time": "0:50:44"
 }
][
 {
  "type": "bid",
  "price": 1.236,
  "amount": 27.56511057,
  "time": "0:50:46"
 }
][
 {
  "type": "bid",
  "price": 1.236,
  "amount": 19.37837838,
  "time": "0:50:48"
 }
][
 {
  "type": "bid",
  "price": 1.23606,
  "amount": 0.80578,
  "time": "0:51:26"
 },
 {
  "type": "bid",
  "price": 1.23602,
  "amount": 1.88416,
  "time": "0:51:24"
 },
 {
  "type": "bid",
  "price": 1.23602,
  "amount": 0.61514,
  "time": "0:51:24"
 },
 {
  "type": "bid",
  "price": 1.23602,
  "amount": 0.67047,
  "time": "0:51:24"
 }
][
 {
  "type": "bid",
  "price": 1.23608,
  "amount": 1.6639678,
  "time": "0:51:28"
 },
 {
  "type": "bid",
  "price": 1.23608,
  "amount": 10.02320091,
  "time": "0:51:28"
 },
 {
  "type": "bid",
  "price": 1.23608,
  "amount": 10.02280091,
  "time": "0:51:28"
 },
 {
  "type": "bid",
  "price": 1.23608,
  "amount": 10.02240091,
  "time": "0:51:28"
 },
 {
  "type": "bid",
  "price": 1.23608,
  "amount": 10.02200091,
  "time": "0:51:28"
 },
 {
  "type": "bid",
  "price": 1.23608,
  "amount": 0.1004004,
  "time": "0:51:28"
 },
 {
  "type": "bid",
  "price": 1.23608,
  "amount": 0.10039879,
  "time": "0:51:28"
 },
 {
  "type": "bid",
  "price": 1.23608,
  "amount": 0.10039238,
  "time": "0:51:28"
 },
 {
  "type": "bid",
  "price": 1.23608,
  "amount": 0.10038596,
  "time": "0:51:28"
 },
 {
  "type": "bid",
  "price": 1.23608,
  "amount": 10.03859807,
  "time": "0:51:28"
 }
][
 {
  "type": "bid",
  "price": 1.23608,
  "amount": 7.77646767,
  "time": "0:51:31"
 },
 {
  "type": "bid",
  "price": 1.23608,
  "amount": 10.02632091,
  "time": "0:51:31"
 },
 {
  "type": "bid",
  "price": 1.23608,
  "amount": 10.02592091,
  "time": "0:51:31"
 },
 {
  "type": "bid",
  "price": 1.23608,
  "amount": 10.02552091,
  "time": "0:51:31"
 },
 {
  "type": "bid",
  "price": 1.23608,
  "amount": 10.02536091,
  "time": "0:51:31"
 },
 {
  "type": "bid",
  "price": 1.23608,
  "amount": 10.02512091,
  "time": "0:51:31"
 },
 {
  "type": "bid",
  "price": 1.23608,
  "amount": 10.02496091,
  "time": "0:51:31"
 },
 {
  "type": "bid",
  "price": 1.23608,
  "amount": 10.02456091,
  "time": "0:51:31"
 },
 {
  "type": "bid",
  "price": 1.23608,
  "amount": 10.02416091,
  "time": "0:51:31"
 },
 {
  "type": "bid",
  "price": 1.23608,
  "amount": 8.35979311,
  "time": "0:51:31"
 }
][
 {
  "type": "bid",
  "price": 1.23608,
  "amount": 123.08449,
  "time": "0:51:35"
 },
 {
  "type": "bid",
  "price": 1.23608,
  "amount": 10.82937126,
  "time": "0:51:35"
 },
 {
  "type": "bid",
  "price": 1.23608,
  "amount": 10.02712091,
  "time": "0:51:35"
 },
 {
  "type": "bid",
  "price": 1.23608,
  "amount": 10.02688092,
  "time": "0:51:35"
 },
 {
  "type": "bid",
  "price": 1.23608,
  "amount": 10.02672091,
  "time": "0:51:35"
 },
 {
  "type": "bid",
  "price": 1.23608,
  "amount": 2.25001324,
  "time": "0:51:35"
 }
][
 {
  "type": "bid",
  "price": 1.23609,
  "amount": 0.21871319,
  "time": "0:51:37"
 },
 {
  "type": "bid",
  "price": 1.23609,
  "amount": 10.00000091,
  "time": "0:51:37"
 },
 {
  "type": "bid",
  "price": 1.23609,
  "amount": 10.00000091,
  "time": "0:51:37"
 },
 {
  "type": "bid",
  "price": 1.23609,
  "amount": 0.1001776,
  "time": "0:51:37"
 },
 {
  "type": "bid",
  "price": 1.23609,
  "amount": 10.01776091,
  "time": "0:51:37"
 },
 {
  "type": "bid",
  "price": 1.23609,
  "amount": 0.1001768,
  "time": "0:51:37"
 },
 {
  "type": "bid",
  "price": 1.23609,
  "amount": 0.100176,
  "time": "0:51:37"
 },
 {
  "type": "bid",
  "price": 1.23609,
  "amount": 0.1001752,
  "time": "0:51:37"
 },
 {
  "type": "bid",
  "price": 1.23609,
  "amount": 0.10017439,
  "time": "0:51:37"
 },
 {
  "type": "bid",
  "price": 1.23609,
  "amount": 0.1001736,
  "time": "0:51:37"
 }
][
 {
  "type": "bid",
  "price": 1.23609,
  "amount": 6.85817252,
  "time": "0:51:46"
 },
 {
  "type": "bid",
  "price": 1.23609,
  "amount": 10.00000091,
  "time": "0:51:46"
 },
 {
  "type": "bid",
  "price": 1.23609,
  "amount": 10.00000091,
  "time": "0:51:46"
 },
 {
  "type": "bid",
  "price": 1.23609,
  "amount": 10.00000091,
  "time": "0:51:46"
 },
 {
  "type": "bid",
  "price": 1.23609,
  "amount": 10.00000091,
  "time": "0:51:46"
 },
 {
  "type": "bid",
  "price": 1.23609,
  "amount": 10.00000091,
  "time": "0:51:46"
 },
 {
  "type": "bid",
  "price": 1.23609,
  "amount": 10.00000091,
  "time": "0:51:46"
 },
 {
  "type": "bid",
  "price": 1.23609,
  "amount": 10.00000091,
  "time": "0:51:46"
 },
 {
  "type": "bid",
  "price": 1.23609,
  "amount": 10.00000091,
  "time": "0:51:46"
 },
 {
  "type": "bid",
  "price": 1.23609,
  "amount": 10.00000091,
  "time": "0:51:46"
 }
][
 {
  "type": "bid",
  "price": 1.23609,
  "amount": 5.62561713,
  "time": "0:52:11"
 },
 {
  "type": "bid",
  "price": 1.23609,
  "amount": 0.1001984,
  "time": "0:52:11"
 },
 {
  "type": "bid",
  "price": 1.23609,
  "amount": 0.1001976,
  "time": "0:52:11"
 },
 {
  "type": "bid",
  "price": 1.23609,
  "amount": 0.1001968,
  "time": "0:52:11"
 },
 {
  "type": "bid",
  "price": 1.23609,
  "amount": 10.01968091,
  "time": "0:52:11"
 },
 {
  "type": "bid",
  "price": 1.23609,
  "amount": 0.100196,
  "time": "0:52:11"
 },
 {
  "type": "bid",
  "price": 1.23609,
  "amount": 0.1001952,
  "time": "0:52:11"
 },
 {
  "type": "bid",
  "price": 1.23609,
  "amount": 10.01952091,
  "time": "0:52:10"
 },
 {
  "type": "bid",
  "price": 1.23609,
  "amount": 0.10019439,
  "time": "0:52:10"
 },
 {
  "type": "bid",
  "price": 1.23609,
  "amount": 0.1001936,
  "time": "0:52:10"
 }
][
 {
  "type": "bid",
  "price": 1.23599,
  "amount": 5.988,
  "time": "0:52:51"
 }
][
 {
  "type": "bid",
  "price": 1.23589,
  "amount": 5.988,
  "time": "0:52:54"
 }
][
 {
  "type": "bid",
  "price": 1.23609,
  "amount": 9.14477013,
  "time": "0:53:5"
 },
 {
  "type": "bid",
  "price": 1.23609,
  "amount": 0.10019529,
  "time": "0:53:5"
 },
 {
  "type": "bid",
  "price": 1.23609,
  "amount": 10.01953044,
  "time": "0:53:5"
 },
 {
  "type": "bid",
  "price": 1.23609,
  "amount": 0.10019369,
  "time": "0:53:5"
 },
 {
  "type": "bid",
  "price": 1.23609,
  "amount": 0.10019209,
  "time": "0:53:5"
 },
 {
  "type": "bid",
  "price": 1.23609,
  "amount": 0.10019049,
  "time": "0:53:5"
 },
 {
  "type": "bid",
  "price": 1.23609,
  "amount": 10.01904997,
  "time": "0:53:5"
 },
 {
  "type": "bid",
  "price": 1.23609,
  "amount": 0.10018728,
  "time": "0:53:5"
 },
 {
  "type": "bid",
  "price": 1.23609,
  "amount": 10.01872966,
  "time": "0:53:5"
 },
 {
  "type": "bid",
  "price": 1.23609,
  "amount": 0.10018568,
  "time": "0:53:5"
 }
][
 {
  "type": "bid",
  "price": 1.23609,
  "amount": 0.10032666,
  "time": "0:53:8"
 },
 {
  "type": "bid",
  "price": 1.23609,
  "amount": 0.10032505,
  "time": "0:53:8"
 },
 {
  "type": "bid",
  "price": 1.23609,
  "amount": 0.10032346,
  "time": "0:53:8"
 },
 {
  "type": "bid",
  "price": 1.23609,
  "amount": 0.10032186,
  "time": "0:53:8"
 },
 {
  "type": "bid",
  "price": 1.23609,
  "amount": 0.10032025,
  "time": "0:53:8"
 },
 {
  "type": "bid",
  "price": 1.23609,
  "amount": 10.03234702,
  "time": "0:53:8"
 },
 {
  "type": "bid",
  "price": 1.23609,
  "amount": 10.0320265,
  "time": "0:53:8"
 },
 {
  "type": "bid",
  "price": 1.23609,
  "amount": 0.10031865,
  "time": "0:53:8"
 },
 {
  "type": "bid",
  "price": 1.23609,
  "amount": 0.10031704,
  "time": "0:53:8"
 },
 {
  "type": "bid",
  "price": 1.23609,
  "amount": 0.10031385,
  "time": "0:53:8"
 }
][
 {
  "type": "bid",
  "price": 1.236,
  "amount": 5.988,
  "time": "0:53:38"
 },
 {
  "type": "bid",
  "price": 1.2361,
  "amount": 8.34804504,
  "time": "0:53:36"
 },
 {
  "type": "bid",
  "price": 1.2361,
  "amount": 0.1001824,
  "time": "0:53:36"
 },
 {
  "type": "bid",
  "price": 1.2361,
  "amount": 0.100172,
  "time": "0:53:36"
 },
 {
  "type": "bid",
  "price": 1.2361,
  "amount": 10.01720091,
  "time": "0:53:36"
 },
 {
  "type": "bid",
  "price": 1.2361,
  "amount": 0.1001648,
  "time": "0:53:36"
 },
 {
  "type": "bid",
  "price": 1.2361,
  "amount": 0.1001616,
  "time": "0:53:36"
 },
 {
  "type": "bid",
  "price": 1.2361,
  "amount": 0.10015439,
  "time": "0:53:36"
 },
 {
  "type": "bid",
  "price": 1.2361,
  "amount": 0.1001512,
  "time": "0:53:36"
 },
 {
  "type": "bid",
  "price": 1.2361,
  "amount": 0.1001472,
  "time": "0:53:36"
 }
][
 {
  "type": "ask",
  "price": 1.23584,
  "amount": 2722.19913598,
  "time": "0:53:40"
 },
 {
  "type": "bid",
  "price": 1.23611,
  "amount": 110.77604,
  "time": "0:53:40"
 }
][
 {
  "type": "ask",
  "price": 1.23584,
  "amount": 3871.0526711,
  "time": "0:54:20"
 }
][
 {
  "type": "bid",
  "price": 1.23574,
  "amount": 5.988,
  "time": "0:54:43"
 }
][
 {
  "type": "bid",
  "price": 1.23612,
  "amount": 10.03859807,
  "time": "0:54:53"
 },
 {
  "type": "bid",
  "price": 1.23612,
  "amount": 10.03779655,
  "time": "0:54:53"
 },
 {
  "type": "bid",
  "price": 1.23612,
  "amount": 10.82937126,
  "time": "0:54:53"
 },
 {
  "type": "bid",
  "price": 1.23612,
  "amount": 10.02712091,
  "time": "0:54:53"
 },
 {
  "type": "bid",
  "price": 1.23612,
  "amount": 10.02688092,
  "time": "0:54:53"
 },
 {
  "type": "bid",
  "price": 1.23612,
  "amount": 10.02672091,
  "time": "0:54:53"
 },
 {
  "type": "bid",
  "price": 1.23612,
  "amount": 10.02648091,
  "time": "0:54:53"
 },
 {
  "type": "bid",
  "price": 1.23612,
  "amount": 10.02632091,
  "time": "0:54:53"
 },
 {
  "type": "bid",
  "price": 1.23612,
  "amount": 10.02592091,
  "time": "0:54:53"
 },
 {
  "type": "bid",
  "price": 1.23612,
  "amount": 10.02552091,
  "time": "0:54:53"
 }
][
 {
  "type": "bid",
  "price": 1.23613,
  "amount": 8.0836111,
  "time": "0:55:5"
 },
 {
  "type": "bid",
  "price": 1.23613,
  "amount": 10.02529689,
  "time": "0:55:5"
 },
 {
  "type": "bid",
  "price": 1.23613,
  "amount": 10.02497648,
  "time": "0:55:5"
 },
 {
  "type": "bid",
  "price": 1.23613,
  "amount": 10.0241755,
  "time": "0:55:5"
 },
 {
  "type": "bid",
  "price": 1.23613,
  "amount": 10.02337454,
  "time": "0:55:5"
 },
 {
  "type": "bid",
  "price": 1.23613,
  "amount": 10.02305417,
  "time": "0:55:5"
 },
 {
  "type": "bid",
  "price": 1.23613,
  "amount": 10.02257363,
  "time": "0:55:5"
 },
 {
  "type": "bid",
  "price": 1.23613,
  "amount": 10.02225327,
  "time": "0:55:5"
 },
 {
  "type": "bid",
  "price": 1.23613,
  "amount": 10.02145239,
  "time": "0:55:5"
 },
 {
  "type": "bid",
  "price": 1.23613,
  "amount": 10.02065156,
  "time": "0:55:5"
 }
][
 {
  "type": "bid",
  "price": 1.23614,
  "amount": 9.77567075,
  "time": "0:55:9"
 },
 {
  "type": "bid",
  "price": 1.23614,
  "amount": 10.01680796,
  "time": "0:55:9"
 },
 {
  "type": "bid",
  "price": 1.23603,
  "amount": 5.988,
  "time": "0:55:8"
 },
 {
  "type": "bid",
  "price": 1.23613,
  "amount": 10.0406822,
  "time": "0:55:7"
 },
 {
  "type": "bid",
  "price": 1.23613,
  "amount": 10.04020123,
  "time": "0:55:7"
 },
 {
  "type": "bid",
  "price": 1.23613,
  "amount": 10.03988059,
  "time": "0:55:7"
 },
 {
  "type": "bid",
  "price": 1.23613,
  "amount": 10.03939964,
  "time": "0:55:7"
 },
 {
  "type": "bid",
  "price": 1.23613,
  "amount": 10.03907901,
  "time": "0:55:7"
 },
 {
  "type": "bid",
  "price": 1.23613,
  "amount": 10.03827746,
  "time": "0:55:7"
 },
 {
  "type": "bid",
  "price": 1.23613,
  "amount": 10.03747595,
  "time": "0:55:7"
 }
][
 {
  "type": "bid",
  "price": 1.23614,
  "amount": 10.0344305,
  "time": "0:55:11"
 },
 {
  "type": "bid",
  "price": 1.23614,
  "amount": 10.03090475,
  "time": "0:55:11"
 },
 {
  "type": "bid",
  "price": 1.23614,
  "amount": 10.02818073,
  "time": "0:55:11"
 },
 {
  "type": "bid",
  "price": 1.23614,
  "amount": 10.02737962,
  "time": "0:55:11"
 },
 {
  "type": "bid",
  "price": 1.23614,
  "amount": 10.02465608,
  "time": "0:55:11"
 },
 {
  "type": "bid",
  "price": 1.23614,
  "amount": 10.02385511,
  "time": "0:55:11"
 },
 {
  "type": "bid",
  "price": 1.23614,
  "amount": 10.02193292,
  "time": "0:55:11"
 },
 {
  "type": "bid",
  "price": 1.23614,
  "amount": 4.40631673,
  "time": "0:55:11"
 },
 {
  "type": "bid",
  "price": 1.23614,
  "amount": 5.61481533,
  "time": "0:55:11"
 },
 {
  "type": "bid",
  "price": 1.23614,
  "amount": 10.02033123,
  "time": "0:55:11"
 }
][
 {
  "type": "bid",
  "price": 1.23621,
  "amount": 99.69844,
  "time": "0:55:15"
 },
 {
  "type": "bid",
  "price": 1.23621,
  "amount": 0.61327,
  "time": "0:55:15"
 },
 {
  "type": "bid",
  "price": 1.23617,
  "amount": 0.93287,
  "time": "0:55:15"
 },
 {
  "type": "bid",
  "price": 1.23616,
  "amount": 0.80091,
  "time": "0:55:15"
 }
][
 {
  "type": "bid",
  "price": 1.23622,
  "amount": 0.10101223,
  "time": "0:55:19"
 },
 {
  "type": "bid",
  "price": 1.23622,
  "amount": 10.01904997,
  "time": "0:55:19"
 },
 {
  "type": "bid",
  "price": 1.23622,
  "amount": 10.01872966,
  "time": "0:55:19"
 },
 {
  "type": "bid",
  "price": 1.23622,
  "amount": 10.01792894,
  "time": "0:55:19"
 },
 {
  "type": "bid",
  "price": 1.23622,
  "amount": 10.01712823,
  "time": "0:55:19"
 },
 {
  "type": "bid",
  "price": 1.23622,
  "amount": 10.01632756,
  "time": "0:55:19"
 },
 {
  "type": "bid",
  "price": 1.23622,
  "amount": 10.01600731,
  "time": "0:55:19"
 }
][
 {
  "type": "bid",
  "price": 1.23623,
  "amount": 3.30271674,
  "time": "0:55:20"
 },
 {
  "type": "bid",
  "price": 1.23623,
  "amount": 0.66844,
  "time": "0:55:20"
 },
 {
  "type": "bid",
  "price": 1.23623,
  "amount": 1.87845,
  "time": "0:55:20"
 },
 {
  "type": "bid",
  "price": 1.23623,
  "amount": 10.01840936,
  "time": "0:55:20"
 },
 {
  "type": "bid",
  "price": 1.23623,
  "amount": 10.01760865,
  "time": "0:55:20"
 },
 {
  "type": "bid",
  "price": 1.23623,
  "amount": 10.01680796,
  "time": "0:55:20"
 }
][
 {
  "type": "bid",
  "price": 1.23623,
  "amount": 6.79696073,
  "time": "0:55:24"
 }
][
 {
  "type": "bid",
  "price": 1.23625,
  "amount": 0.10161212,
  "time": "0:55:26"
 }
][
 {
  "type": "bid",
  "price": 1.23626,
  "amount": 0.8009,
  "time": "0:55:36"
 }
][
 {
  "type": "bid",
  "price": 1.23627,
  "amount": 0.93285,
  "time": "0:55:40"
 }
][
 {
  "type": "bid",
  "price": 1.23632,
  "amount": 10.0095209,
  "time": "0:56:1"
 },
 {
  "type": "bid",
  "price": 1.23632,
  "amount": 10.00936091,
  "time": "0:56:1"
 },
 {
  "type": "bid",
  "price": 1.23632,
  "amount": 10.00896091,
  "time": "0:56:1"
 },
 {
  "type": "bid",
  "price": 1.23632,
  "amount": 10.00856091,
  "time": "0:56:1"
 },
 {
  "type": "bid",
  "price": 1.23632,
  "amount": 10.00816091,
  "time": "0:56:1"
 },
 {
  "type": "bid",
  "price": 1.23631,
  "amount": 0.61326,
  "time": "0:56:1"
 }
][
 {
  "type": "bid",
  "price": 1.23633,
  "amount": 0.66844,
  "time": "0:56:6"
 },
 {
  "type": "bid",
  "price": 1.23633,
  "amount": 1.87845,
  "time": "0:56:6"
 },
 {
  "type": "bid",
  "price": 1.23633,
  "amount": 10.08982981,
  "time": "0:56:6"
 },
 {
  "type": "bid",
  "price": 1.23633,
  "amount": 10.00920091,
  "time": "0:56:6"
 },
 {
  "type": "bid",
  "price": 1.23633,
  "amount": 10.00880091,
  "time": "0:56:6"
 },
 {
  "type": "bid",
  "price": 1.23633,
  "amount": 10.00840091,
  "time": "0:56:6"
 },
 {
  "type": "bid",
  "price": 1.23633,
  "amount": 10.00800091,
  "time": "0:56:6"
 }
][
 {
  "type": "bid",
  "price": 1.23638,
  "amount": 10.00000091,
  "time": "0:56:35"
 },
 {
  "type": "bid",
  "price": 1.23638,
  "amount": 10.00000091,
  "time": "0:56:35"
 },
 {
  "type": "bid",
  "price": 1.23638,
  "amount": 10.00000091,
  "time": "0:56:35"
 },
 {
  "type": "bid",
  "price": 1.23638,
  "amount": 10.00000091,
  "time": "0:56:35"
 },
 {
  "type": "bid",
  "price": 1.23638,
  "amount": 10.00000091,
  "time": "0:56:35"
 },
 {
  "type": "bid",
  "price": 1.23637,
  "amount": 0.93285,
  "time": "0:56:35"
 },
 {
  "type": "bid",
  "price": 1.23636,
  "amount": 0.80088,
  "time": "0:56:35"
 },
 {
  "type": "bid",
  "price": 1.23635,
  "amount": 0.149999,
  "time": "0:56:35"
 },
 {
  "type": "bid",
  "price": 1.23635,
  "amount": 0.10153091,
  "time": "0:56:35"
 }
][
 {
  "type": "bid",
  "price": 1.23639,
  "amount": 10.07999174,
  "time": "0:56:36"
 },
 {
  "type": "bid",
  "price": 1.23639,
  "amount": 10.00000091,
  "time": "0:56:36"
 },
 {
  "type": "bid",
  "price": 1.23639,
  "amount": 10.00000091,
  "time": "0:56:36"
 },
 {
  "type": "bid",
  "price": 1.23639,
  "amount": 10.00000091,
  "time": "0:56:36"
 },
 {
  "type": "bid",
  "price": 1.23639,
  "amount": 10.00000091,
  "time": "0:56:36"
 }
][
 {
  "type": "bid",
  "price": 1.23642,
  "amount": 4.87619648,
  "time": "0:56:47"
 },
 {
  "type": "bid",
  "price": 1.23642,
  "amount": 10.00000091,
  "time": "0:56:47"
 },
 {
  "type": "bid",
  "price": 1.23642,
  "amount": 10.00000091,
  "time": "0:56:47"
 },
 {
  "type": "bid",
  "price": 1.23642,
  "amount": 10.00000091,
  "time": "0:56:47"
 },
 {
  "type": "bid",
  "price": 1.23642,
  "amount": 10.00000091,
  "time": "0:56:47"
 },
 {
  "type": "bid",
  "price": 1.23641,
  "amount": 0.61141,
  "time": "0:56:47"
 }
][
 {
  "type": "bid",
  "price": 1.23643,
  "amount": 1.87844,
  "time": "0:57:9"
 },
 {
  "type": "bid",
  "price": 1.23643,
  "amount": 10.07999174,
  "time": "0:57:9"
 },
 {
  "type": "bid",
  "price": 1.23643,
  "amount": 10.00000091,
  "time": "0:57:9"
 },
 {
  "type": "bid",
  "price": 1.23643,
  "amount": 10.00000091,
  "time": "0:57:9"
 },
 {
  "type": "bid",
  "price": 1.23643,
  "amount": 10.00000091,
  "time": "0:57:9"
 },
 {
  "type": "bid",
  "price": 1.23643,
  "amount": 10.00000091,
  "time": "0:57:9"
 },
 {
  "type": "bid",
  "price": 1.23642,
  "amount": 0.66642,
  "time": "0:57:9"
 },
 {
  "type": "bid",
  "price": 1.23642,
  "amount": 5.12380443,
  "time": "0:57:9"
 }
][
 {
  "type": "bid",
  "price": 1.23649,
  "amount": 2.90677973,
  "time": "0:57:22"
 },
 {
  "type": "bid",
  "price": 1.23649,
  "amount": 10.00000091,
  "time": "0:57:22"
 },
 {
  "type": "bid",
  "price": 1.23648,
  "amount": 10.00000091,
  "time": "0:57:22"
 },
 {
  "type": "bid",
  "price": 1.23648,
  "amount": 3.889257,
  "time": "0:57:22"
 },
 {
  "type": "bid",
  "price": 1.23648,
  "amount": 6.11074391,
  "time": "0:57:21"
 },
 {
  "type": "bid",
  "price": 1.23648,
  "amount": 10.00000091,
  "time": "0:57:21"
 },
 {
  "type": "bid",
  "price": 1.23648,
  "amount": 10.00000091,
  "time": "0:57:21"
 },
 {
  "type": "bid",
  "price": 1.23647,
  "amount": 0.93282,
  "time": "0:57:21"
 },
 {
  "type": "bid",
  "price": 1.23646,
  "amount": 0.80087,
  "time": "0:57:21"
 },
 {
  "type": "bid",
  "price": 1.23645,
  "amount": 0.10153091,
  "time": "0:57:21"
 }
][
 {
  "type": "bid",
  "price": 1.23649,
  "amount": 10.07999174,
  "time": "0:57:24"
 },
 {
  "type": "bid",
  "price": 1.23649,
  "amount": 10.00000091,
  "time": "0:57:24"
 },
 {
  "type": "bid",
  "price": 1.23649,
  "amount": 10.00000091,
  "time": "0:57:24"
 },
 {
  "type": "bid",
  "price": 1.23649,
  "amount": 10.00000091,
  "time": "0:57:24"
 },
 {
  "type": "bid",
  "price": 1.23649,
  "amount": 7.09322118,
  "time": "0:57:24"
 }
][
 {
  "type": "bid",
  "price": 1.2365,
  "amount": 133.82737102,
  "time": "0:57:25"
 }
][
 {
  "type": "bid",
  "price": 1.2365,
  "amount": 26.32139119,
  "time": "0:57:28"
 }
][
 {
  "type": "bid",
  "price": 1.2365,
  "amount": 31.08001169,
  "time": "0:57:38"
 }
][
 {
  "type": "bid",
  "price": 1.2365,
  "amount": 35.93722058,
  "time": "0:57:52"
 }
][
 {
  "type": "bid",
  "price": 1.2365,
  "amount": 154.7188115,
  "time": "0:58:47"
 }
][
 {
  "type": "bid",
  "price": 1.2365,
  "amount": 19.71085531,
  "time": "0:58:48"
 }
][
 {
  "type": "ask",
  "price": 1.23341,
  "amount": 1051.41079924,
  "time": "1:1:48"
 }
][
 {
  "type": "ask",
  "price": 1.23032,
  "amount": 0.10256,
  "time": "1:3:58"
 }
][
 {
  "type": "ask",
  "price": 1.23336,
  "amount": 1465.31821033,
  "time": "1:4:25"
 }
][
 {
  "type": "bid",
  "price": 1.2365,
  "amount": 25.33948008,
  "time": "1:5:21"
 },
 {
  "type": "bid",
  "price": 1.23649,
  "amount": 0.19212779,
  "time": "1:5:21"
 },
 {
  "type": "bid",
  "price": 1.23639,
  "amount": 0.998,
  "time": "1:5:21"
 }
][
 {
  "type": "bid",
  "price": 1.23653,
  "amount": 180.01662872,
  "time": "1:5:22"
 },
 {
  "type": "bid",
  "price": 1.23652,
  "amount": 0.66642,
  "time": "1:5:22"
 },
 {
  "type": "bid",
  "price": 1.23651,
  "amount": 0.6114,
  "time": "1:5:22"
 }
][
 {
  "type": "bid",
  "price": 1.23653,
  "amount": 23.38175822,
  "time": "1:5:37"
 }
][
 {
  "type": "bid",
  "price": 1.23653,
  "amount": 0.30258,
  "time": "1:5:43"
 }
][
 {
  "type": "bid",
  "price": 1.23653,
  "amount": 1.87277,
  "time": "1:5:46"
 },
 {
  "type": "bid",
  "price": 1.23653,
  "amount": 2.66851066,
  "time": "1:5:46"
 }
][
 {
  "type": "bid",
  "price": 1.2367,
  "amount": 184.53138595,
  "time": "1:6:3"
 },
 {
  "type": "bid",
  "price": 1.2367,
  "amount": 20.95800001,
  "time": "1:6:3"
 },
 {
  "type": "bid",
  "price": 1.23667,
  "amount": 0.93564,
  "time": "1:6:3"
 },
 {
  "type": "bid",
  "price": 1.23667,
  "amount": 0.80329,
  "time": "1:6:3"
 },
 {
  "type": "bid",
  "price": 1.23665,
  "amount": 0.10080285,
  "time": "1:6:3"
 },
 {
  "type": "bid",
  "price": 1.23663,
  "amount": 1.8841,
  "time": "1:6:3"
 },
 {
  "type": "bid",
  "price": 1.23662,
  "amount": 0.66642,
  "time": "1:6:3"
 },
 {
  "type": "bid",
  "price": 1.23661,
  "amount": 0.61511,
  "time": "1:6:3"
 },
 {
  "type": "bid",
  "price": 1.23657,
  "amount": 0.92999,
  "time": "1:6:3"
 },
 {
  "type": "bid",
  "price": 1.23657,
  "amount": 0.79845,
  "time": "1:6:3"
 }
][
 {
  "type": "bid",
  "price": 1.2367,
  "amount": 24.36230338,
  "time": "1:6:5"
 }
][
 {
  "type": "ask",
  "price": 1.23385,
  "amount": 3439.34804677,
  "time": "1:6:37"
 }
][
 {
  "type": "bid",
  "price": 1.2367,
  "amount": 23.1857358,
  "time": "1:6:42"
 }
][
 {
  "type": "bid",
  "price": 1.23671,
  "amount": 0.61139,
  "time": "1:6:46"
 }
][
 {
  "type": "bid",
  "price": 1.23687,
  "amount": 0.9356,
  "time": "1:6:48"
 },
 {
  "type": "bid",
  "price": 1.23687,
  "amount": 0.80326,
  "time": "1:6:48"
 },
 {
  "type": "bid",
  "price": 1.23687,
  "amount": 10.01952952,
  "time": "1:6:48"
 },
 {
  "type": "bid",
  "price": 1.23686,
  "amount": 0.149999,
  "time": "1:6:48"
 },
 {
  "type": "bid",
  "price": 1.23685,
  "amount": 10.01952952,
  "time": "1:6:48"
 },
 {
  "type": "bid",
  "price": 1.23685,
  "amount": 0.10080285,
  "time": "1:6:48"
 },
 {
  "type": "bid",
  "price": 1.23684,
  "amount": 0.10581008,
  "time": "1:6:48"
 },
 {
  "type": "bid",
  "price": 1.23683,
  "amount": 10.01952952,
  "time": "1:6:47"
 },
 {
  "type": "bid",
  "price": 1.23682,
  "amount": 0.66642,
  "time": "1:6:47"
 },
 {
  "type": "bid",
  "price": 1.23682,
  "amount": 1.87274,
  "time": "1:6:47"
 }
][
 {
  "type": "bid",
  "price": 1.23691,
  "amount": 10.01952952,
  "time": "1:6:49"
 },
 {
  "type": "bid",
  "price": 1.23689,
  "amount": 10.01952952,
  "time": "1:6:49"
 }
][
 {
  "type": "bid",
  "price": 1.23693,
  "amount": 147.54184112,
  "time": "1:6:51"
 },
 {
  "type": "bid",
  "price": 1.23693,
  "amount": 10.01952952,
  "time": "1:6:51"
 },
 {
  "type": "bid",
  "price": 1.23692,
  "amount": 0.61138,
  "time": "1:6:51"
 },
 {
  "type": "bid",
  "price": 1.23692,
  "amount": 0.66642,
  "time": "1:6:51"
 },
 {
  "type": "bid",
  "price": 1.23692,
  "amount": 1.87274,
  "time": "1:6:51"
 }
][
 {
  "type": "bid",
  "price": 1.23693,
  "amount": 183.12592907,
  "time": "1:7:4"
 }
][
 {
  "type": "bid",
  "price": 1.23693,
  "amount": 211.1108621,
  "time": "1:7:57"
 },
 {
  "type": "bid",
  "price": 1.23692,
  "amount": 1.2656756,
  "time": "1:7:57"
 }
][
 {
  "type": "bid",
  "price": 1.23693,
  "amount": 74.62933777,
  "time": "1:8:40"
 },
 {
  "type": "bid",
  "price": 1.23692,
  "amount": 1.0631675,
  "time": "1:8:40"
 }
][
 {
  "type": "bid",
  "price": 1.23693,
  "amount": 182.90520662,
  "time": "1:8:49"
 }
][
 {
  "type": "bid",
  "price": 1.23693,
  "amount": 32.92633553,
  "time": "1:8:50"
 }
][
 {
  "type": "bid",
  "price": 1.23697,
  "amount": 0.93559,
  "time": "1:9:29"
 },
 {
  "type": "bid",
  "price": 1.23697,
  "amount": 0.80326,
  "time": "1:9:29"
 },
 {
  "type": "bid",
  "price": 1.23697,
  "amount": 10.01952952,
  "time": "1:9:29"
 },
 {
  "type": "bid",
  "price": 1.23695,
  "amount": 10.01952952,
  "time": "1:9:29"
 },
 {
  "type": "bid",
  "price": 1.23695,
  "amount": 0.10120668,
  "time": "1:9:29"
 },
 {
  "type": "bid",
  "price": 1.23693,
  "amount": 0.806141,
  "time": "1:9:29"
 },
 {
  "type": "bid",
  "price": 1.23692,
  "amount": 0.8930607,
  "time": "1:9:29"
 }
][
 {
  "type": "bid",
  "price": 1.237,
  "amount": 129.93119917,
  "time": "1:9:31"
 },
 {
  "type": "bid",
  "price": 1.237,
  "amount": 51.71929903,
  "time": "1:9:31"
 },
 {
  "type": "bid",
  "price": 1.237,
  "amount": 9.9706871,
  "time": "1:9:31"
 }
][
 {
  "type": "bid",
  "price": 1.23584,
  "amount": 0.149999,
  "time": "1:9:46"
 }
][
 {
  "type": "bid",
  "price": 1.237,
  "amount": 129.2456808,
  "time": "1:9:57"
 },
 {
  "type": "bid",
  "price": 1.237,
  "amount": 0.57,
  "time": "1:9:57"
 },
 {
  "type": "bid",
  "price": 1.237,
  "amount": 2.63396472,
  "time": "1:9:57"
 },
 {
  "type": "bid",
  "price": 1.237,
  "amount": 8.982,
  "time": "1:9:57"
 },
 {
  "type": "bid",
  "price": 1.237,
  "amount": 37.61006113,
  "time": "1:9:57"
 },
 {
  "type": "bid",
  "price": 1.237,
  "amount": 18.06038761,
  "time": "1:9:57"
 },
 {
  "type": "bid",
  "price": 1.23695,
  "amount": 5.08979999,
  "time": "1:9:57"
 },
 {
  "type": "bid",
  "price": 1.23695,
  "amount": 5.08979999,
  "time": "1:9:57"
 },
 {
  "type": "bid",
  "price": 1.23686,
  "amount": 0.149999,
  "time": "1:9:57"
 },
 {
  "type": "bid",
  "price": 1.23635,
  "amount": 0.149999,
  "time": "1:9:57"
 }
][
 {
  "type": "bid",
  "price": 1.237,
  "amount": 48.0524131,
  "time": "1:9:58"
 }
][
 {
  "type": "bid",
  "price": 1.237,
  "amount": 206.86724459,
  "time": "1:10:6"
 },
 {
  "type": "bid",
  "price": 1.23699,
  "amount": 0.75017099,
  "time": "1:10:6"
 }
][
 {
  "type": "ask",
  "price": 1.234,
  "amount": 4187.49889983,
  "time": "1:12:22"
 }
][
 {
  "type": "ask",
  "price": 1.234,
  "amount": 2165.58469344,
  "time": "1:12:31"
 }
][
 {
  "type": "ask",
  "price": 1.23399,
  "amount": 5194.68308174,
  "time": "1:14:6"
 }
][
 {
  "type": "ask",
  "price": 1.23099,
  "amount": 0.02308121,
  "time": "1:14:38"
 },
 {
  "type": "ask",
  "price": 1.231,
  "amount": 0.21453215,
  "time": "1:14:38"
 }
][
 {
  "type": "bid",
  "price": 1.237,
  "amount": 84.34343067,
  "time": "1:16:17"
 },
 {
  "type": "bid",
  "price": 1.23699,
  "amount": 0.26986661,
  "time": "1:16:17"
 },
 {
  "type": "bid",
  "price": 1.23697,
  "amount": 0.54545233,
  "time": "1:16:17"
 }
][
 {
  "type": "ask",
  "price": 1.234,
  "amount": 2957.58717612,
  "time": "1:18:32"
 }
][
 {
  "type": "ask",
  "price": 1.234,
  "amount": 4307.94694295,
  "time": "1:18:37"
 }
][
 {
  "type": "ask",
  "price": 1.234,
  "amount": 2481.7179859,
  "time": "1:22:17"
 }
][
 {
  "type": "ask",
  "price": 1.234,
  "amount": 767.77602959,
  "time": "1:24:49"
 }
][
 {
  "type": "ask",
  "price": 1.23099,
  "amount": 195.98699035,
  "time": "1:26:8"
 },
 {
  "type": "ask",
  "price": 1.231,
  "amount": 0.27176723,
  "time": "1:26:8"
 }
][
 {
  "type": "ask",
  "price": 1.23399,
  "amount": 3091.41333979,
  "time": "1:28:0"
 }
][
 {
  "type": "ask",
  "price": 1.23399,
  "amount": 435.58821379,
  "time": "1:28:35"
 }
][
 {
  "type": "ask",
  "price": 1.23099,
  "amount": 0.10887,
  "time": "1:30:16"
 }
][
 {
  "type": "ask",
  "price": 1.23099,
  "amount": 7.78674151,
  "time": "1:42:10"
 }
][
 {
  "type": "ask",
  "price": 1.23369,
  "amount": 2635.38239834,
  "time": "1:45:42"
 }
][
 {
  "type": "ask",
  "price": 1.23099,
  "amount": 0.11371,
  "time": "1:45:57"
 }
][
 {
  "type": "ask",
  "price": 1.23369,
  "amount": 4808.4770885,
  "time": "1:47:27"
 }
][
 {
  "type": "ask",
  "price": 1.23369,
  "amount": 1932.34061936,
  "time": "1:48:35"
 }
][
 {
  "type": "ask",
  "price": 1.23369,
  "amount": 2974.41575809,
  "time": "1:49:10"
 }
][
 {
  "type": "ask",
  "price": 1.23099,
  "amount": 0.1039,
  "time": "1:51:13"
 }
][
 {
  "type": "ask",
  "price": 1.23369,
  "amount": 3593.87478049,
  "time": "1:52:10"
 }
][
 {
  "type": "ask",
  "price": 1.23369,
  "amount": 5083.29504623,
  "time": "1:52:15"
 }
][
 {
  "type": "ask",
  "price": 1.23369,
  "amount": 2859.29155229,
  "time": "1:52:42"
 }
][
 {
  "type": "bid",
  "price": 1.237,
  "amount": 50.07749487,
  "time": "1:52:48"
 },
 {
  "type": "bid",
  "price": 1.23699,
  "amount": 0.27120062,
  "time": "1:52:48"
 },
 {
  "type": "bid",
  "price": 1.23639,
  "amount": 0.998,
  "time": "1:52:48"
 }
][
 {
  "type": "bid",
  "price": 1.234,
  "amount": 1623.08313245,
  "time": "1:54:59"
 }
][
 {
  "type": "bid",
  "price": 1.237,
  "amount": 40.70302725,
  "time": "1:57:5"
 }
][
 {
  "type": "bid",
  "price": 1.23704,
  "amount": 10.20203963,
  "time": "1:57:12"
 },
 {
  "type": "bid",
  "price": 1.23702,
  "amount": 0.66441,
  "time": "1:57:8"
 },
 {
  "type": "bid",
  "price": 1.23702,
  "amount": 1.86709,
  "time": "1:57:8"
 },
 {
  "type": "bid",
  "price": 1.23702,
  "amount": 0.60953,
  "time": "1:57:8"
 },
 {
  "type": "bid",
  "price": 1.23702,
  "amount": 10.00976,
  "time": "1:57:8"
 }
][
 {
  "type": "bid",
  "price": 1.23402,
  "amount": 4530.57555333,
  "time": "1:58:58"
 }
][
 {
  "type": "ask",
  "price": 1.23059,
  "amount": 6.74853004,
  "time": "1:59:56"
 },
 {
  "type": "ask",
  "price": 1.2306,
  "amount": 0.40169149,
  "time": "1:59:56"
 },
 {
  "type": "ask",
  "price": 1.23067,
  "amount": 0.10108566,
  "time": "1:59:56"
 },
 {
  "type": "ask",
  "price": 1.23077,
  "amount": 0.10149062,
  "time": "1:59:56"
 },
 {
  "type": "ask",
  "price": 1.23099,
  "amount": 4.18455613,
  "time": "1:59:56"
 }
][
 {
  "type": "ask",
  "price": 1.23057,
  "amount": 10.03960874,
  "time": "2:0:0"
 },
 {
  "type": "ask",
  "price": 1.23057,
  "amount": 13.35829273,
  "time": "2:0:0"
 },
 {
  "type": "ask",
  "price": 1.23057,
  "amount": 0.10108566,
  "time": "2:0:0"
 },
 {
  "type": "ask",
  "price": 1.23059,
  "amount": 3.4839317,
  "time": "2:0:0"
 }
][
 {
  "type": "ask",
  "price": 1.2305,
  "amount": 10.04940739,
  "time": "2:0:16"
 },
 {
  "type": "ask",
  "price": 1.23052,
  "amount": 10.04940739,
  "time": "2:0:16"
 }
][
 {
  "type": "ask",
  "price": 1.23046,
  "amount": 10.04940739,
  "time": "2:0:19"
 },
 {
  "type": "ask",
  "price": 1.23047,
  "amount": 0.10108566,
  "time": "2:0:19"
 },
 {
  "type": "ask",
  "price": 1.23048,
  "amount": 10.04940739,
  "time": "2:0:19"
 }
][
 {
  "type": "ask",
  "price": 1.23042,
  "amount": 10.04940739,
  "time": "2:0:20"
 },
 {
  "type": "ask",
  "price": 1.23044,
  "amount": 10.04940739,
  "time": "2:0:20"
 }
][
 {
  "type": "bid",
  "price": 1.23346,
  "amount": 2185.78428848,
  "time": "2:4:53"
 }
][
 {
  "type": "bid",
  "price": 1.23346,
  "amount": 3655.6961176,
  "time": "2:6:5"
 }
][
 {
  "type": "bid",
  "price": 1.23346,
  "amount": 5044.42367697,
  "time": "2:8:12"
 }
][
 {
  "type": "bid",
  "price": 1.23346,
  "amount": 633.4776041,
  "time": "2:8:43"
 }
][
 {
  "type": "bid",
  "price": 1.23373,
  "amount": 3155.59520101,
  "time": "2:11:8"
 }
][
 {
  "type": "bid",
  "price": 1.23373,
  "amount": 2992.5338449,
  "time": "2:11:18"
 }
][
 {
  "type": "bid",
  "price": 1.23373,
  "amount": 865.79925367,
  "time": "2:11:40"
 }
][
 {
  "type": "ask",
  "price": 1.23112,
  "amount": 0.00438,
  "time": "2:12:13"
 },
 {
  "type": "ask",
  "price": 1.23162,
  "amount": 0.1,
  "time": "2:12:13"
 }
][
 {
  "type": "ask",
  "price": 1.23038,
  "amount": 10.04940739,
  "time": "2:13:51"
 },
 {
  "type": "ask",
  "price": 1.2304,
  "amount": 10.04940739,
  "time": "2:13:51"
 },
 {
  "type": "ask",
  "price": 1.23062,
  "amount": 0.1,
  "time": "2:13:51"
 },
 {
  "type": "ask",
  "price": 1.23112,
  "amount": 0.09562,
  "time": "2:13:51"
 }
][
 {
  "type": "ask",
  "price": 1.23028,
  "amount": 10.02821735,
  "time": "2:13:59"
 },
 {
  "type": "ask",
  "price": 1.23031,
  "amount": 10.02805703,
  "time": "2:13:59"
 },
 {
  "type": "ask",
  "price": 1.23037,
  "amount": 0.10124745,
  "time": "2:13:59"
 }
][
 {
  "type": "ask",
  "price": 1.23025,
  "amount": 10.02845783,
  "time": "2:14:13"
 },
 {
  "type": "ask",
  "price": 1.23025,
  "amount": 10.02805703,
  "time": "2:14:13"
 },
 {
  "type": "ask",
  "price": 1.23026,
  "amount": 0.10108441,
  "time": "2:14:13"
 },
 {
  "type": "ask",
  "price": 1.23027,
  "amount": 0.10181576,
  "time": "2:14:13"
 }
][
 {
  "type": "ask",
  "price": 1.23019,
  "amount": 10.02885863,
  "time": "2:14:16"
 },
 {
  "type": "ask",
  "price": 1.23019,
  "amount": 10.02845783,
  "time": "2:14:16"
 },
 {
  "type": "ask",
  "price": 1.23021,
  "amount": 10.02805703,
  "time": "2:14:16"
 },
 {
  "type": "ask",
  "price": 1.23022,
  "amount": 10.02861815,
  "time": "2:14:15"
 },
 {
  "type": "ask",
  "price": 1.23022,
  "amount": 10.02821735,
  "time": "2:14:15"
 }
][
 {
  "type": "bid",
  "price": 1.23301,
  "amount": 5246.07235501,
  "time": "2:14:30"
 }
][
 {
  "type": "ask",
  "price": 1.23016,
  "amount": 10.02901895,
  "time": "2:15:22"
 },
 {
  "type": "ask",
  "price": 1.23016,
  "amount": 10.02861815,
  "time": "2:15:21"
 },
 {
  "type": "ask",
  "price": 1.23017,
  "amount": 0.10181576,
  "time": "2:15:21"
 },
 {
  "type": "ask",
  "price": 1.23018,
  "amount": 10.02821735,
  "time": "2:15:21"
 }
][
 {
  "type": "bid",
  "price": 1.233,
  "amount": 1195.59393977,
  "time": "2:15:46"
 }
][
 {
  "type": "bid",
  "price": 1.233,
  "amount": 1226.18261046,
  "time": "2:16:42"
 }
][
 {
  "type": "ask",
  "price": 1.23015,
  "amount": 10.02845783,
  "time": "2:19:34"
 },
 {
  "type": "ask",
  "price": 1.23015,
  "amount": 10.03607947,
  "time": "2:19:34"
 }
][
 {
  "type": "ask",
  "price": 1.23013,
  "amount": 7.88221628,
  "time": "2:19:36"
 },
 {
  "type": "ask",
  "price": 1.23013,
  "amount": 10.02885863,
  "time": "2:19:36"
 }
][
 {
  "type": "ask",
  "price": 1.23012,
  "amount": 0.1,
  "time": "2:20:9"
 },
 {
  "type": "ask",
  "price": 1.23012,
  "amount": 10.02861815,
  "time": "2:20:9"
 },
 {
  "type": "ask",
  "price": 1.23012,
  "amount": 10.03640037,
  "time": "2:20:9"
 },
 {
  "type": "ask",
  "price": 1.23013,
  "amount": 2.14704315,
  "time": "2:20:9"
 }
][
 {
  "type": "ask",
  "price": 1.2301,
  "amount": 10.02941975,
  "time": "2:20:15"
 },
 {
  "type": "ask",
  "price": 1.2301,
  "amount": 10.02901895,
  "time": "2:20:15"
 }
][
 {
  "type": "ask",
  "price": 1.23009,
  "amount": 6.25772155,
  "time": "2:20:20"
 }
][
 {
  "type": "bid",
  "price": 1.23297,
  "amount": 3549.39777995,
  "time": "2:20:45"
 }
][
 {
  "type": "bid",
  "price": 1.23297,
  "amount": 3514.39493426,
  "time": "2:21:47"
 }
][
 {
  "type": "ask",
  "price": 1.23009,
  "amount": 0.10751,
  "time": "2:22:42"
 }
][
 {
  "type": "ask",
  "price": 1.23159,
  "amount": 4441.83537972,
  "time": "2:28:29"
 }
][
 {
  "type": "ask",
  "price": 1.23159,
  "amount": 4571.49772882,
  "time": "2:30:1"
 }
][
 {
  "type": "bid",
  "price": 1.2331,
  "amount": 5,
  "time": "2:30:43"
 }
][
 {
  "type": "bid",
  "price": 1.23296,
  "amount": 2226.5194873,
  "time": "2:32:52"
 }
][
 {
  "type": "ask",
  "price": 1.23009,
  "amount": 0.10753,
  "time": "2:33:9"
 }
][
 {
  "type": "bid",
  "price": 1.23296,
  "amount": 2277.74375438,
  "time": "2:35:16"
 }
][
 {
  "type": "bid",
  "price": 1.23296,
  "amount": 5439.86532841,
  "time": "2:37:4"
 }
][
 {
  "type": "bid",
  "price": 1.23296,
  "amount": 1285.44568956,
  "time": "2:40:27"
 }
][
 {
  "type": "bid",
  "price": 1.23296,
  "amount": 2709.24513191,
  "time": "2:41:9"
 }
][
 {
  "type": "bid",
  "price": 1.23296,
  "amount": 5406.8647699,
  "time": "2:45:35"
 }
][
 {
  "type": "bid",
  "price": 1.23296,
  "amount": 3871.48543709,
  "time": "2:45:48"
 }
][
 {
  "type": "bid",
  "price": 1.23296,
  "amount": 1104.07244444,
  "time": "2:46:20"
 }
][
 {
  "type": "bid",
  "price": 1.23296,
  "amount": 1398.58122797,
  "time": "2:48:48"
 }
][
 {
  "type": "bid",
  "price": 1.23296,
  "amount": 4515.2872212,
  "time": "2:49:43"
 }
][
 {
  "type": "bid",
  "price": 1.23296,
  "amount": 1416.39873735,
  "time": "2:51:4"
 }
][
 {
  "type": "bid",
  "price": 1.23296,
  "amount": 4096.60833805,
  "time": "2:52:20"
 }
][
 {
  "type": "bid",
  "price": 1.23296,
  "amount": 3519.27904673,
  "time": "2:53:27"
 }
][
 {
  "type": "ask",
  "price": 1.23296,
  "amount": 3344.77336917,
  "time": "2:54:3"
 }
][
 {
  "type": "ask",
  "price": 1.23009,
  "amount": 0.10314,
  "time": "2:54:5"
 }
][
 {
  "type": "bid",
  "price": 1.23296,
  "amount": 2536.1791492,
  "time": "2:54:21"
 }
][
 {
  "type": "ask",
  "price": 1.23009,
  "amount": 0.23877426,
  "time": "2:55:12"
 }
][
 {
  "type": "ask",
  "price": 1.23296,
  "amount": 2664.47266262,
  "time": "2:58:7"
 }
][
 {
  "type": "bid",
  "price": 1.23584,
  "amount": 13.33157615,
  "time": "2:59:16"
 },
 {
  "type": "bid",
  "price": 1.23584,
  "amount": 0.149999,
  "time": "2:59:16"
 },
 {
  "type": "bid",
  "price": 1.23583,
  "amount": 0.12859865,
  "time": "2:59:16"
 }
][
 {
  "type": "ask",
  "price": 1.2332,
  "amount": 2457.92936152,
  "time": "2:59:47"
 }
][
 {
  "type": "ask",
  "price": 1.2332,
  "amount": 4986.69411742,
  "time": "3:1:57"
 }
][
 {
  "type": "ask",
  "price": 1.2332,
  "amount": 4049.61157439,
  "time": "3:2:20"
 }
][
 {
  "type": "ask",
  "price": 1.2301,
  "amount": 0.10849,
  "time": "3:4:34"
 }
][
 {
  "type": "bid",
  "price": 1.23632,
  "amount": 10.01632756,
  "time": "3:7:7"
 },
 {
  "type": "bid",
  "price": 1.23631,
  "amount": 0.26661065,
  "time": "3:7:7"
 }
][
 {
  "type": "bid",
  "price": 1.23638,
  "amount": 3.04179549,
  "time": "3:8:24"
 },
 {
  "type": "bid",
  "price": 1.23638,
  "amount": 10.00816091,
  "time": "3:8:24"
 },
 {
  "type": "bid",
  "price": 1.23635,
  "amount": 0.10161212,
  "time": "3:8:24"
 },
 {
  "type": "bid",
  "price": 1.23635,
  "amount": 0.149999,
  "time": "3:8:24"
 },
 {
  "type": "bid",
  "price": 1.23633,
  "amount": 10.01600731,
  "time": "3:8:22"
 }
][
 {
  "type": "bid",
  "price": 1.23638,
  "amount": 6.96676542,
  "time": "3:8:26"
 }
][
 {
  "type": "bid",
  "price": 1.23639,
  "amount": 0.998,
  "time": "3:8:28"
 },
 {
  "type": "bid",
  "price": 1.23639,
  "amount": 10.00840091,
  "time": "3:8:28"
 },
 {
  "type": "bid",
  "price": 1.23639,
  "amount": 10.00800091,
  "time": "3:8:28"
 }
][
 {
  "type": "bid",
  "price": 1.23642,
  "amount": 7.11638718,
  "time": "3:8:52"
 },
 {
  "type": "bid",
  "price": 1.23642,
  "amount": 10.00816091,
  "time": "3:8:52"
 }
][
 {
  "type": "bid",
  "price": 1.23373,
  "amount": 3423.96019397,
  "time": "3:10:18"
 }
][
 {
  "type": "bid",
  "price": 1.23373,
  "amount": 5204.32577956,
  "time": "3:10:40"
 }
][
 {
  "type": "bid",
  "price": 1.23642,
  "amount": 10.00896091,
  "time": "3:13:39"
 },
 {
  "type": "bid",
  "price": 1.23642,
  "amount": 2.89217373,
  "time": "3:13:39"
 },
 {
  "type": "bid",
  "price": 1.23635,
  "amount": 0.149999,
  "time": "3:13:39"
 },
 {
  "type": "bid",
  "price": 1.23593,
  "amount": 5.08979999,
  "time": "3:13:38"
 },
 {
  "type": "bid",
  "price": 1.23593,
  "amount": 5.08979999,
  "time": "3:13:38"
 },
 {
  "type": "bid",
  "price": 1.23584,
  "amount": 0.149999,
  "time": "3:13:38"
 },
 {
  "type": "bid",
  "price": 1.23533,
  "amount": 0.149999,
  "time": "3:13:38"
 }
][
 {
  "type": "bid",
  "price": 1.23643,
  "amount": 10.00880091,
  "time": "3:13:41"
 },
 {
  "type": "bid",
  "price": 1.23643,
  "amount": 10.00840091,
  "time": "3:13:41"
 },
 {
  "type": "bid",
  "price": 1.23643,
  "amount": 10.00800091,
  "time": "3:13:41"
 }
][
 {
  "type": "bid",
  "price": 1.23648,
  "amount": 10.00896091,
  "time": "3:13:42"
 },
 {
  "type": "bid",
  "price": 1.23648,
  "amount": 10.00856091,
  "time": "3:13:42"
 },
 {
  "type": "bid",
  "price": 1.23648,
  "amount": 10.00816091,
  "time": "3:13:42"
 },
 {
  "type": "bid",
  "price": 1.23645,
  "amount": 0.10161212,
  "time": "3:13:42"
 }
][
 {
  "type": "bid",
  "price": 1.23653,
  "amount": 208.29116416,
  "time": "3:13:46"
 },
 {
  "type": "bid",
  "price": 1.23649,
  "amount": 10.00936091,
  "time": "3:13:44"
 },
 {
  "type": "bid",
  "price": 1.23649,
  "amount": 10.00920091,
  "time": "3:13:44"
 },
 {
  "type": "bid",
  "price": 1.23649,
  "amount": 10.00880091,
  "time": "3:13:44"
 },
 {
  "type": "bid",
  "price": 1.23649,
  "amount": 10.00840091,
  "time": "3:13:44"
 },
 {
  "type": "bid",
  "price": 1.23649,
  "amount": 10.00800091,
  "time": "3:13:44"
 }
][
 {
  "type": "bid",
  "price": 1.2368,
  "amount": 10.02930857,
  "time": "3:13:49"
 },
 {
  "type": "bid",
  "price": 1.23679,
  "amount": 0.14502534,
  "time": "3:13:49"
 },
 {
  "type": "bid",
  "price": 1.23675,
  "amount": 0.10088348,
  "time": "3:13:49"
 },
 {
  "type": "bid",
  "price": 1.23665,
  "amount": 0.10088348,
  "time": "3:13:49"
 },
 {
  "type": "bid",
  "price": 1.23655,
  "amount": 10,
  "time": "3:13:48"
 },
 {
  "type": "bid",
  "price": 1.23655,
  "amount": 0.10104495,
  "time": "3:13:48"
 }
][
 {
  "type": "bid",
  "price": 1.23682,
  "amount": 10.02930857,
  "time": "3:13:51"
 }
][
 {
  "type": "bid",
  "price": 1.23686,
  "amount": 0.149999,
  "time": "3:13:54"
 },
 {
  "type": "bid",
  "price": 1.23686,
  "amount": 10.02930857,
  "time": "3:13:54"
 },
 {
  "type": "bid",
  "price": 1.23685,
  "amount": 0.10088348,
  "time": "3:13:54"
 },
 {
  "type": "bid",
  "price": 1.23684,
  "amount": 10.02930857,
  "time": "3:13:52"
 }
][
 {
  "type": "bid",
  "price": 1.23688,
  "amount": 10.02930857,
  "time": "3:13:58"
 }
][
 {
  "type": "bid",
  "price": 1.2369,
  "amount": 10.02930857,
  "time": "3:15:6"
 }
][
 {
  "type": "bid",
  "price": 1.23692,
  "amount": 7.17655173,
  "time": "3:15:9"
 }
][
 {
  "type": "bid",
  "price": 1.23694,
  "amount": 10.02930857,
  "time": "3:15:19"
 },
 {
  "type": "bid",
  "price": 1.23692,
  "amount": 2.85275684,
  "time": "3:15:19"
 }
][
 {
  "type": "bid",
  "price": 1.23454,
  "amount": 5460.34455593,
  "time": "3:16:41"
 }
][
 {
  "type": "bid",
  "price": 1.23457,
  "amount": 2699.49617795,
  "time": "3:18:7"
 }
][
 {
  "type": "bid",
  "price": 1.23454,
  "amount": 1009.93698769,
  "time": "3:20:55"
 }
][
 {
  "type": "bid",
  "price": 1.23454,
  "amount": 1492.05740611,
  "time": "3:21:3"
 }
][
 {
  "type": "bid",
  "price": 1.23454,
  "amount": 3470.71050008,
  "time": "3:21:29"
 }
][
 {
  "type": "bid",
  "price": 1.23454,
  "amount": 1632.89719859,
  "time": "3:23:7"
 }
][
 {
  "type": "bid",
  "price": 1.23454,
  "amount": 2044.52680638,
  "time": "3:23:13"
 }
][
 {
  "type": "bid",
  "price": 1.23454,
  "amount": 380.0826429,
  "time": "3:23:24"
 }
][
 {
  "type": "bid",
  "price": 1.23701,
  "amount": 8.60848305,
  "time": "3:27:17"
 },
 {
  "type": "bid",
  "price": 1.23699,
  "amount": 10.01952952,
  "time": "3:27:17"
 },
 {
  "type": "bid",
  "price": 1.23695,
  "amount": 0.10128763,
  "time": "3:27:17"
 }
][
 {
  "type": "bid",
  "price": 1.23708,
  "amount": 10.00976,
  "time": "3:27:20"
 },
 {
  "type": "bid",
  "price": 1.23707,
  "amount": 0.79841,
  "time": "3:27:20"
 },
 {
  "type": "bid",
  "price": 1.23707,
  "amount": 0.92994,
  "time": "3:27:20"
 },
 {
  "type": "bid",
  "price": 1.23705,
  "amount": 0.10120668,
  "time": "3:27:20"
 },
 {
  "type": "bid",
  "price": 1.23701,
  "amount": 1.60351376,
  "time": "3:27:20"
 }
][
 {
  "type": "bid",
  "price": 1.2371,
  "amount": 0.1,
  "time": "3:30:10"
 },
 {
  "type": "bid",
  "price": 1.2371,
  "amount": 10.30510056,
  "time": "3:30:10"
 },
 {
  "type": "bid",
  "price": 1.2371,
  "amount": 10.00000091,
  "time": "3:30:10"
 },
 {
  "type": "bid",
  "price": 1.23709,
  "amount": 10.30510056,
  "time": "3:30:10"
 }
][
 {
  "type": "bid",
  "price": 1.23711,
  "amount": 10.00000091,
  "time": "3:30:12"
 },
 {
  "type": "bid",
  "price": 1.23711,
  "amount": 10.40139346,
  "time": "3:30:12"
 },
 {
  "type": "bid",
  "price": 1.23711,
  "amount": 10.00000091,
  "time": "3:30:12"
 },
 {
  "type": "bid",
  "price": 1.23711,
  "amount": 10.00976,
  "time": "3:30:12"
 }
][
 {
  "type": "bid",
  "price": 1.23462,
  "amount": 3740.24600419,
  "time": "3:31:22"
 }
][
 {
  "type": "bid",
  "price": 1.23462,
  "amount": 2864.83526387,
  "time": "3:31:30"
 }
][
 {
  "type": "bid",
  "price": 1.23462,
  "amount": 3540.40444081,
  "time": "3:31:38"
 }
][
 {
  "type": "bid",
  "price": 1.23712,
  "amount": 76.09972217,
  "time": "3:32:21"
 },
 {
  "type": "bid",
  "price": 1.23712,
  "amount": 0.1017168,
  "time": "3:32:21"
 },
 {
  "type": "bid",
  "price": 1.23712,
  "amount": 0.66441,
  "time": "3:32:21"
 },
 {
  "type": "bid",
  "price": 1.23712,
  "amount": 1.86708,
  "time": "3:32:21"
 },
 {
  "type": "bid",
  "price": 1.23712,
  "amount": 0.60953,
  "time": "3:32:21"
 },
 {
  "type": "bid",
  "price": 1.23712,
  "amount": 10.30510056,
  "time": "3:32:21"
 },
 {
  "type": "bid",
  "price": 1.23712,
  "amount": 10.00000091,
  "time": "3:32:21"
 },
 {
  "type": "bid",
  "price": 1.23712,
  "amount": 10.00000091,
  "time": "3:32:21"
 },
 {
  "type": "bid",
  "price": 1.23712,
  "amount": 10.00000091,
  "time": "3:32:21"
 }
][
 {
  "type": "bid",
  "price": 1.23463,
  "amount": 3375.24485737,
  "time": "3:33:1"
 }
][
 {
  "type": "bid",
  "price": 1.23463,
  "amount": 2658.1531928,
  "time": "3:33:8"
 }
][
 {
  "type": "bid",
  "price": 1.23713,
  "amount": 0.41488941,
  "time": "3:33:51"
 },
 {
  "type": "bid",
  "price": 1.23713,
  "amount": 10.00000091,
  "time": "3:33:51"
 },
 {
  "type": "bid",
  "price": 1.23713,
  "amount": 10.00000091,
  "time": "3:33:51"
 }
][
 {
  "type": "bid",
  "price": 1.23463,
  "amount": 3602.81597315,
  "time": "3:34:21"
 }
][
 {
  "type": "bid",
  "price": 1.23463,
  "amount": 5264.2447191,
  "time": "3:35:0"
 }
][
 {
  "type": "bid",
  "price": 1.23463,
  "amount": 2469.78387102,
  "time": "3:35:42"
 }
][
 {
  "type": "bid",
  "price": 1.23463,
  "amount": 2960.72778061,
  "time": "3:36:1"
 }
][
 {
  "type": "bid",
  "price": 1.23463,
  "amount": 831.0930864,
  "time": "3:36:35"
 }
][
 {
  "type": "bid",
  "price": 1.23463,
  "amount": 4299.28793764,
  "time": "3:37:46"
 }
][
 {
  "type": "bid",
  "price": 1.23463,
  "amount": 5079.13849564,
  "time": "3:41:10"
 }
][
 {
  "type": "bid",
  "price": 1.23463,
  "amount": 4324.06203418,
  "time": "3:42:4"
 }
][
 {
  "type": "bid",
  "price": 1.23713,
  "amount": 3.74888407,
  "time": "3:43:17"
 },
 {
  "type": "bid",
  "price": 1.23713,
  "amount": 10.20890002,
  "time": "3:43:17"
 },
 {
  "type": "bid",
  "price": 1.23713,
  "amount": 9.5851115,
  "time": "3:43:17"
 }
][
 {
  "type": "bid",
  "price": 1.23714,
  "amount": 10.20890002,
  "time": "3:43:20"
 },
 {
  "type": "bid",
  "price": 1.23714,
  "amount": 10.00000091,
  "time": "3:43:20"
 },
 {
  "type": "bid",
  "price": 1.23714,
  "amount": 10.00000091,
  "time": "3:43:20"
 },
 {
  "type": "bid",
  "price": 1.23714,
  "amount": 10.00000091,
  "time": "3:43:20"
 },
 {
  "type": "bid",
  "price": 1.23714,
  "amount": 10.00000091,
  "time": "3:43:20"
 },
 {
  "type": "bid",
  "price": 1.23714,
  "amount": 10.00000091,
  "time": "3:43:20"
 },
 {
  "type": "bid",
  "price": 1.23714,
  "amount": 10.00976,
  "time": "3:43:20"
 },
 {
  "type": "bid",
  "price": 1.23713,
  "amount": 6.25111684,
  "time": "3:43:20"
 }
][
 {
  "type": "bid",
  "price": 1.23716,
  "amount": 0.54287126,
  "time": "3:43:25"
 },
 {
  "type": "bid",
  "price": 1.23716,
  "amount": 0.79838,
  "time": "3:43:25"
 },
 {
  "type": "bid",
  "price": 1.23716,
  "amount": 10.00000091,
  "time": "3:43:25"
 },
 {
  "type": "bid",
  "price": 1.23716,
  "amount": 10.00000091,
  "time": "3:43:25"
 },
 {
  "type": "bid",
  "price": 1.23716,
  "amount": 10.00000091,
  "time": "3:43:25"
 },
 {
  "type": "bid",
  "price": 1.23716,
  "amount": 10.00000091,
  "time": "3:43:25"
 },
 {
  "type": "bid",
  "price": 1.23716,
  "amount": 10.00000091,
  "time": "3:43:25"
 },
 {
  "type": "bid",
  "price": 1.23716,
  "amount": 10.00000091,
  "time": "3:43:25"
 },
 {
  "type": "bid",
  "price": 1.23715,
  "amount": 10.00000091,
  "time": "3:43:23"
 },
 {
  "type": "bid",
  "price": 1.23715,
  "amount": 10.00000091,
  "time": "3:43:23"
 }
][
 {
  "type": "bid",
  "price": 1.23717,
  "amount": 8.39173211,
  "time": "3:43:26"
 },
 {
  "type": "bid",
  "price": 1.23717,
  "amount": 10.00976,
  "time": "3:43:26"
 }
][
 {
  "type": "bid",
  "price": 1.23717,
  "amount": 0.48136738,
  "time": "3:43:30"
 },
 {
  "type": "bid",
  "price": 1.23717,
  "amount": 10.00000091,
  "time": "3:43:30"
 },
 {
  "type": "bid",
  "price": 1.23717,
  "amount": 10.00000091,
  "time": "3:43:30"
 },
 {
  "type": "bid",
  "price": 1.23717,
  "amount": 10.00000091,
  "time": "3:43:30"
 },
 {
  "type": "bid",
  "price": 1.23717,
  "amount": 10.00000091,
  "time": "3:43:30"
 },
 {
  "type": "bid",
  "price": 1.23717,
  "amount": 1.6082688,
  "time": "3:43:30"
 }
][
 {
  "type": "bid",
  "price": 1.23718,
  "amount": 0.92992,
  "time": "3:44:22"
 },
 {
  "type": "bid",
  "price": 1.23718,
  "amount": 10.00000091,
  "time": "3:44:22"
 },
 {
  "type": "bid",
  "price": 1.23718,
  "amount": 10.00000091,
  "time": "3:44:22"
 },
 {
  "type": "bid",
  "price": 1.23718,
  "amount": 10.00000091,
  "time": "3:44:22"
 },
 {
  "type": "bid",
  "price": 1.23718,
  "amount": 10.00000091,
  "time": "3:44:22"
 },
 {
  "type": "bid",
  "price": 1.23718,
  "amount": 10.00000091,
  "time": "3:44:22"
 },
 {
  "type": "bid",
  "price": 1.23718,
  "amount": 10.00000091,
  "time": "3:44:22"
 },
 {
  "type": "bid",
  "price": 1.23717,
  "amount": 9.51863353,
  "time": "3:44:22"
 },
 {
  "type": "bid",
  "price": 1.23716,
  "amount": 0.45601186,
  "time": "3:44:22"
 }
][
 {
  "type": "bid",
  "price": 1.23719,
  "amount": 3.87820331,
  "time": "3:44:26"
 },
 {
  "type": "bid",
  "price": 1.23719,
  "amount": 10.00000091,
  "time": "3:44:26"
 },
 {
  "type": "bid",
  "price": 1.23719,
  "amount": 10.00000091,
  "time": "3:44:26"
 },
 {
  "type": "bid",
  "price": 1.23719,
  "amount": 10.00000091,
  "time": "3:44:26"
 },
 {
  "type": "bid",
  "price": 1.23719,
  "amount": 10.00000091,
  "time": "3:44:26"
 }
][
 {
  "type": "bid",
  "price": 1.2372,
  "amount": 7.53109823,
  "time": "3:44:30"
 },
 {
  "type": "bid",
  "price": 1.2372,
  "amount": 10.00976,
  "time": "3:44:30"
 },
 {
  "type": "bid",
  "price": 1.23719,
  "amount": 6.1217976,
  "time": "3:44:30"
 }
][
 {
  "type": "bid",
  "price": 1.2372,
  "amount": 10.00000091,
  "time": "3:44:43"
 },
 {
  "type": "bid",
  "price": 1.2372,
  "amount": 8.04744963,
  "time": "3:44:43"
 },
 {
  "type": "bid",
  "price": 1.2372,
  "amount": 1.95255128,
  "time": "3:44:42"
 },
 {
  "type": "bid",
  "price": 1.2372,
  "amount": 10.00000091,
  "time": "3:44:42"
 },
 {
  "type": "bid",
  "price": 1.2372,
  "amount": 2.46890268,
  "time": "3:44:42"
 }
][
 {
  "type": "bid",
  "price": 1.23721,
  "amount": 10.00000091,
  "time": "3:44:47"
 },
 {
  "type": "bid",
  "price": 1.23721,
  "amount": 10.00000091,
  "time": "3:44:47"
 },
 {
  "type": "bid",
  "price": 1.23721,
  "amount": 10.00000091,
  "time": "3:44:47"
 }
][
 {
  "type": "bid",
  "price": 1.23723,
  "amount": 10.00000091,
  "time": "3:44:50"
 },
 {
  "type": "bid",
  "price": 1.23723,
  "amount": 10.00976,
  "time": "3:44:50"
 },
 {
  "type": "bid",
  "price": 1.23722,
  "amount": 0.66441,
  "time": "3:44:48"
 },
 {
  "type": "bid",
  "price": 1.23722,
  "amount": 1.86708,
  "time": "3:44:48"
 },
 {
  "type": "bid",
  "price": 1.23722,
  "amount": 0.60953,
  "time": "3:44:48"
 },
 {
  "type": "bid",
  "price": 1.23722,
  "amount": 10.00000091,
  "time": "3:44:48"
 },
 {
  "type": "bid",
  "price": 1.23722,
  "amount": 10.00000091,
  "time": "3:44:48"
 }
][
 {
  "type": "bid",
  "price": 1.23729,
  "amount": 10.00976,
  "time": "3:44:52"
 },
 {
  "type": "bid",
  "price": 1.23728,
  "amount": 0.92711,
  "time": "3:44:52"
 },
 {
  "type": "bid",
  "price": 1.23726,
  "amount": 0.79838,
  "time": "3:44:52"
 },
 {
  "type": "bid",
  "price": 1.23726,
  "amount": 10.00976,
  "time": "3:44:52"
 },
 {
  "type": "bid",
  "price": 1.23725,
  "amount": 0.10161212,
  "time": "3:44:52"
 }
][
 {
  "type": "bid",
  "price": 1.23741,
  "amount": 4.96363008,
  "time": "3:44:57"
 },
 {
  "type": "bid",
  "price": 1.23738,
  "amount": 0.92711,
  "time": "3:44:57"
 },
 {
  "type": "bid",
  "price": 1.23737,
  "amount": 0.149999,
  "time": "3:44:57"
 },
 {
  "type": "bid",
  "price": 1.23736,
  "amount": 0.79757,
  "time": "3:44:57"
 },
 {
  "type": "bid",
  "price": 1.23735,
  "amount": 10.20203963,
  "time": "3:44:57"
 },
 {
  "type": "bid",
  "price": 1.23735,
  "amount": 0.10128763,
  "time": "3:44:57"
 },
 {
  "type": "bid",
  "price": 1.23732,
  "amount": 0.66441,
  "time": "3:44:54"
 },
 {
  "type": "bid",
  "price": 1.23732,
  "amount": 1.86144,
  "time": "3:44:54"
 },
 {
  "type": "bid",
  "price": 1.23732,
  "amount": 0.60768,
  "time": "3:44:54"
 },
 {
  "type": "bid",
  "price": 1.23732,
  "amount": 10.00976,
  "time": "3:44:54"
 }
][
 {
  "type": "bid",
  "price": 1.2375,
  "amount": 19.18204436,
  "time": "3:44:58"
 },
 {
  "type": "bid",
  "price": 1.23749,
  "amount": 0.11741605,
  "time": "3:44:58"
 },
 {
  "type": "bid",
  "price": 1.23748,
  "amount": 0.9271,
  "time": "3:44:58"
 },
 {
  "type": "bid",
  "price": 1.23746,
  "amount": 0.79756,
  "time": "3:44:58"
 },
 {
  "type": "bid",
  "price": 1.23745,
  "amount": 0.10120668,
  "time": "3:44:58"
 },
 {
  "type": "bid",
  "price": 1.23742,
  "amount": 0.66441,
  "time": "3:44:58"
 },
 {
  "type": "bid",
  "price": 1.23742,
  "amount": 1.86144,
  "time": "3:44:58"
 },
 {
  "type": "bid",
  "price": 1.23742,
  "amount": 0.60768,
  "time": "3:44:58"
 }
][
 {
  "type": "bid",
  "price": 1.23611,
  "amount": 3181.31349697,
  "time": "3:45:9"
 }
][
 {
  "type": "bid",
  "price": 1.2375,
  "amount": 12.6954922,
  "time": "3:47:37"
 },
 {
  "type": "bid",
  "price": 1.23749,
  "amount": 0.38304996,
  "time": "3:47:37"
 },
 {
  "type": "bid",
  "price": 1.23748,
  "amount": 0.32176197,
  "time": "3:47:37"
 }
][
 {
  "type": "bid",
  "price": 1.2375,
  "amount": 13.40030413,
  "time": "3:47:39"
 }
][
 {
  "type": "bid",
  "price": 1.2375,
  "amount": 13.40030413,
  "time": "3:47:42"
 }
][
 {
  "type": "bid",
  "price": 1.2375,
  "amount": 13.40030413,
  "time": "3:47:45"
 }
][
 {
  "type": "bid",
  "price": 1.2375,
  "amount": 13.40030413,
  "time": "3:47:48"
 }
][
 {
  "type": "bid",
  "price": 1.2375,
  "amount": 13.40030413,
  "time": "3:47:51"
 }
][
 {
  "type": "bid",
  "price": 1.23751,
  "amount": 12.08336134,
  "time": "3:47:54"
 },
 {
  "type": "bid",
  "price": 1.2375,
  "amount": 0.1,
  "time": "3:47:54"
 },
 {
  "type": "bid",
  "price": 1.2375,
  "amount": 1.21694279,
  "time": "3:47:54"
 }
][
 {
