[
 {
  "type": "bid",
  "price": 216.88217,
  "amount": 2.1e-7,
  "time": "20:54:33"
 },
 {
  "type": "bid",
  "price": 216.88217,
  "amount": 1.179424,
  "time": "20:54:30"
 },
 {
  "type": "bid",
  "price": 216.881,
  "amount": 0.026854,
  "time": "20:54:30"
 },
 {
  "type": "ask",
  "price": 216.604718,
  "amount": 0.88507873,
  "time": "20:53:24"
 },
 {
  "type": "ask",
  "price": 216.604718,
  "amount": 0.5811481,
  "time": "20:53:24"
 },
 {
  "type": "ask",
  "price": 216.604718,
  "amount": 0.53377317,
  "time": "20:53:22"
 },
 {
  "type": "ask",
  "price": 216.5,
  "amount": 1,
  "time": "20:53:5"
 },
 {
  "type": "bid",
  "price": 216.604718,
  "amount": 0.4467893,
  "time": "20:53:0"
 },
 {
  "type": "ask",
  "price": 216.052359,
  "amount": 14.39033305,
  "time": "20:52:49"
 },
 {
  "type": "bid",
  "price": 215.922359,
  "amount": 0.16028829,
  "time": "20:52:6"
 }
][
 {
  "type": "bid",
  "price": 217.641258,
  "amount": 4.1e-7,
  "time": "20:54:36"
 },
 {
  "type": "bid",
  "price": 217.641258,
  "amount": 1.17766916,
  "time": "20:54:35"
 },
 {
  "type": "bid",
  "price": 217.30904,
  "amount": 0.04285714,
  "time": "20:54:35"
 },
 {
  "type": "bid",
  "price": 217.206359,
  "amount": 0.1,
  "time": "20:54:35"
 },
 {
  "type": "bid",
  "price": 216.90801,
  "amount": 0.4513197,
  "time": "20:54:35"
 }
][
 {
  "type": "ask",
  "price": 216.881,
  "amount": 0.74984667,
  "time": "20:55:7"
 }
][
 {
  "type": "bid",
  "price": 217.49348,
  "amount": 0.4403468,
  "time": "20:55:9"
 },
 {
  "type": "bid",
  "price": 216.881,
  "amount": 0.41731443,
  "time": "20:55:8"
 }
][
 {
  "type": "ask",
  "price": 217.49348,
  "amount": 0.73510971,
  "time": "20:55:11"
 }
][
 {
  "type": "ask",
  "price": 216.666206,
  "amount": 1.17825136,
  "time": "20:55:18"
 }
][
 {
  "type": "ask",
  "price": 216.173698,
  "amount": 0.2686571,
  "time": "20:55:30"
 }
][
 {
  "type": "ask",
  "price": 216,
  "amount": 0.568,
  "time": "20:56:2"
 }
][
 {
  "type": "ask",
  "price": 216,
  "amount": 0.1709449,
  "time": "20:56:44"
 }
][
 {
  "type": "ask",
  "price": 216.641975,
  "amount": 17.87829778,
  "time": "20:57:15"
 }
][
 {
  "type": "ask",
  "price": 215.91052,
  "amount": 2.19516891,
  "time": "20:57:27"
 },
 {
  "type": "ask",
  "price": 215.92052,
  "amount": 0.151259,
  "time": "20:57:27"
 },
 {
  "type": "ask",
  "price": 215.93,
  "amount": 0.1,
  "time": "20:57:27"
 }
][
 {
  "type": "bid",
  "price": 217.641258,
  "amount": 1.17891079,
  "time": "20:57:52"
 },
 {
  "type": "bid",
  "price": 217.36343,
  "amount": 0.4120536,
  "time": "20:57:52"
 },
 {
  "type": "bid",
  "price": 217.363429,
  "amount": 0.5170843,
  "time": "20:57:52"
 }
][
 {
  "type": "ask",
  "price": 216.666206,
  "amount": 0.00061326,
  "time": "20:57:57"
 },
 {
  "type": "ask",
  "price": 216.666206,
  "amount": 1.17793338,
  "time": "20:57:56"
 }
][
 {
  "type": "bid",
  "price": 217.641258,
  "amount": 0.54,
  "time": "20:59:52"
 }
][
 {
  "type": "bid",
  "price": 217.641258,
  "amount": 0.63850667,
  "time": "21:0:36"
 }
][
 {
  "type": "ask",
  "price": 217.7,
  "amount": 0.3,
  "time": "21:0:44"
 }
][
 {
  "type": "bid",
  "price": 218,
  "amount": 4.96447999,
  "time": "21:0:49"
 },
 {
  "type": "bid",
  "price": 218,
  "amount": 0.2295,
  "time": "21:0:49"
 },
 {
  "type": "bid",
  "price": 217.971,
  "amount": 0.100299,
  "time": "21:0:49"
 },
 {
  "type": "bid",
  "price": 217.863255,
  "amount": 0.3572004,
  "time": "21:0:49"
 }
][
 {
  "type": "ask",
  "price": 217.9,
  "amount": 0.3,
  "time": "21:0:51"
 }
][
 {
  "type": "bid",
  "price": 218,
  "amount": 0.21639243,
  "time": "21:0:56"
 },
 {
  "type": "bid",
  "price": 217.9,
  "amount": 0.08360757,
  "time": "21:0:56"
 }
][
 {
  "type": "bid",
  "price": 218,
  "amount": 0.96904557,
  "time": "21:1:5"
 }
][
 {
  "type": "bid",
  "price": 218.211932,
  "amount": 0.1367109,
  "time": "21:1:27"
 }
][
 {
  "type": "ask",
  "price": 218.211932,
  "amount": 0.37612159,
  "time": "21:1:30"
 },
 {
  "type": "ask",
  "price": 218.211932,
  "amount": 0.25439639,
  "time": "21:1:29"
 }
][
 {
  "type": "bid",
  "price": 218.211932,
  "amount": 0.1623075,
  "time": "21:1:37"
 }
][
 {
  "type": "ask",
  "price": 218.211932,
  "amount": 0.00634469,
  "time": "21:1:40"
 }
][
 {
  "type": "bid",
  "price": 218.323384,
  "amount": 0.010978,
  "time": "21:1:55"
 }
][
 {
  "type": "ask",
  "price": 218.201501,
  "amount": 12.90153661,
  "time": "21:2:0"
 }
][
 {
  "type": "ask",
  "price": 218.3233,
  "amount": 0.7406031,
  "time": "21:2:10"
 },
 {
  "type": "ask",
  "price": 218.3233,
  "amount": 0.5281748,
  "time": "21:2:8"
 }
][
 {
  "type": "ask",
  "price": 218.3233,
  "amount": 0.2833654,
  "time": "21:2:12"
 }
][
 {
  "type": "ask",
  "price": 218.3233,
  "amount": 0.18376886,
  "time": "21:2:14"
 },
 {
  "type": "bid",
  "price": 218.403002,
  "amount": 1.1766806,
  "time": "21:2:13"
 }
][
 {
  "type": "bid",
  "price": 218.52922,
  "amount": 0.010978,
  "time": "21:2:15"
 }
][
 {
  "type": "ask",
  "price": 218.3233,
  "amount": 0.18957175,
  "time": "21:2:27"
 }
][
 {
  "type": "ask",
  "price": 218.8,
  "amount": 3.64,
  "time": "21:2:36"
 }
][
 {
  "type": "ask",
  "price": 218.323384,
  "amount": 0.31224901,
  "time": "21:2:43"
 }
][
 {
  "type": "ask",
  "price": 218.3233,
  "amount": 4.52066743,
  "time": "21:2:53"
 },
 {
  "type": "ask",
  "price": 218.323384,
  "amount": 0.28775099,
  "time": "21:2:53"
 }
][
 {
  "type": "ask",
  "price": 218.3233,
  "amount": 0.90999335,
  "time": "21:2:56"
 },
 {
  "type": "ask",
  "price": 218.3233,
  "amount": 4.80842531,
  "time": "21:2:54"
 }
][
 {
  "type": "bid",
  "price": 218.3233,
  "amount": 4.7301831,
  "time": "21:3:11"
 }
][
 {
  "type": "bid",
  "price": 219.162347,
  "amount": 1.284,
  "time": "21:4:28"
 }
][
 {
  "type": "ask",
  "price": 218.5,
  "amount": 1,
  "time": "21:4:56"
 }
][
 {
  "type": "ask",
  "price": 218,
  "amount": 0.33753161,
  "time": "21:5:2"
 }
][
 {
  "type": "ask",
  "price": 218,
  "amount": 0.012356,
  "time": "21:5:5"
 }
][
 {
  "type": "ask",
  "price": 218.4,
  "amount": 0.17804219,
  "time": "21:5:15"
 }
][
 {
  "type": "ask",
  "price": 218.4,
  "amount": 1.14869002,
  "time": "21:5:27"
 }
][
 {
  "type": "ask",
  "price": 218.4,
  "amount": 0.36290041,
  "time": "21:5:28"
 }
][
 {
  "type": "ask",
  "price": 218.4,
  "amount": 0.17475627,
  "time": "21:5:30"
 }
][
 {
  "type": "bid",
  "price": 218.575999,
  "amount": 11.04043264,
  "time": "21:6:19"
 }
][
 {
  "type": "ask",
  "price": 218.494297,
  "amount": 1.89582919,
  "time": "21:6:43"
 }
][
 {
  "type": "ask",
  "price": 218.494297,
  "amount": 7.55205851,
  "time": "21:6:46"
 }
][
 {
  "type": "bid",
  "price": 218.9834,
  "amount": 17.649444,
  "time": "21:8:13"
 },
 {
  "type": "bid",
  "price": 218.973399,
  "amount": 0.150956,
  "time": "21:8:13"
 },
 {
  "type": "bid",
  "price": 218.86536,
  "amount": 0.1996,
  "time": "21:8:13"
 }
][
 {
  "type": "ask",
  "price": 217.4246,
  "amount": 0.02524954,
  "time": "21:8:19"
 }
][
 {
  "type": "bid",
  "price": 218.983,
  "amount": 1.95237159,
  "time": "21:9:51"
 },
 {
  "type": "bid",
  "price": 218.983,
  "amount": 0.04762841,
  "time": "21:9:51"
 }
][
 {
  "type": "bid",
  "price": 218.983,
  "amount": 7.70197133,
  "time": "21:11:37"
 },
 {
  "type": "bid",
  "price": 218.939581,
  "amount": 0.33583643,
  "time": "21:11:37"
 }
][
 {
  "type": "bid",
  "price": 218.9834,
  "amount": 1.5,
  "time": "21:14:23"
 }
][
 {
  "type": "ask",
  "price": 218.2417,
  "amount": 19.88810894,
  "time": "21:14:49"
 }
][
 {
  "type": "ask",
  "price": 218.2417,
  "amount": 15.25774258,
  "time": "21:16:7"
 }
][
 {
  "type": "bid",
  "price": 218.9834,
  "amount": 0.63588156,
  "time": "21:16:27"
 },
 {
  "type": "bid",
  "price": 218.983399,
  "amount": 2.269,
  "time": "21:16:27"
 },
 {
  "type": "bid",
  "price": 218.9,
  "amount": 0.09511844,
  "time": "21:16:27"
 }
][
 {
  "type": "bid",
  "price": 218.9834,
  "amount": 3,
  "time": "21:16:43"
 }
][
 {
  "type": "bid",
  "price": 218.4917,
  "amount": 24.94884871,
  "time": "21:16:56"
 }
][
 {
  "type": "bid",
  "price": 218.9834,
  "amount": 14.92593987,
  "time": "21:17:43"
 },
 {
  "type": "bid",
  "price": 218.983399,
  "amount": 1,
  "time": "21:17:43"
 }
][
 {
  "type": "ask",
  "price": 218.06,
  "amount": 0.070839,
  "time": "21:17:53"
 }
][
 {
  "type": "ask",
  "price": 218,
  "amount": 0.12579936,
  "time": "21:17:57"
 }
][
 {
  "type": "bid",
  "price": 218.06,
  "amount": 0.07039922,
  "time": "21:18:7"
 }
][
 {
  "type": "bid",
  "price": 218.06,
  "amount": 1,
  "time": "21:18:13"
 }
][
 {
  "type": "bid",
  "price": 218.06,
  "amount": 1.06855653,
  "time": "21:18:40"
 }
][
 {
  "type": "ask",
  "price": 218,
  "amount": 2.19971045,
  "time": "21:18:50"
 }
][
 {
  "type": "bid",
  "price": 218.06,
  "amount": 2.70817082,
  "time": "21:18:55"
 }
][
 {
  "type": "bid",
  "price": 218.06,
  "amount": 3.7532802,
  "time": "21:19:26"
 }
][
 {
  "type": "bid",
  "price": 218.983399,
  "amount": 3.74580531,
  "time": "21:20:4"
 }
][
 {
  "type": "ask",
  "price": 218,
  "amount": 8.97590882,
  "time": "21:20:10"
 }
][
 {
  "type": "bid",
  "price": 218.241699,
  "amount": 13.21021521,
  "time": "21:20:14"
 }
][
 {
  "type": "bid",
  "price": 218.983398,
  "amount": 0.19180006,
  "time": "21:20:28"
 }
][
 {
  "type": "bid",
  "price": 218.830109,
  "amount": 0.08116232,
  "time": "21:21:22"
 }
][
 {
  "type": "bid",
  "price": 218.165054,
  "amount": 4.08501603,
  "time": "21:21:39"
 }
][
 {
  "type": "ask",
  "price": 218.1,
  "amount": 2.60280625,
  "time": "21:22:22"
 }
][
 {
  "type": "bid",
  "price": 218.099999,
  "amount": 9.46325106,
  "time": "21:22:25"
 }
][
 {
  "type": "ask",
  "price": 217.5,
  "amount": 0.18407757,
  "time": "21:22:30"
 }
][
 {
  "type": "bid",
  "price": 218.7,
  "amount": 1.18471429,
  "time": "21:26:41"
 }
][
 {
  "type": "ask",
  "price": 218.1,
  "amount": 5.04839251,
  "time": "21:26:42"
 }
][
 {
  "type": "ask",
  "price": 217.5,
  "amount": 0.69,
  "time": "21:26:56"
 },
 {
  "type": "ask",
  "price": 217.5,
  "amount": 0.22072407,
  "time": "21:26:56"
 },
 {
  "type": "ask",
  "price": 217.5,
  "amount": 0.23,
  "time": "21:26:56"
 }
][
 {
  "type": "bid",
  "price": 217.5,
  "amount": 2.92512249,
  "time": "21:26:58"
 }
][
 {
  "type": "ask",
  "price": 217.462269,
  "amount": 14.05266025,
  "time": "21:27:25"
 }
][
 {
  "type": "bid",
  "price": 217.5,
  "amount": 1.93927619,
  "time": "21:27:30"
 }
][
 {
  "type": "bid",
  "price": 217.5,
  "amount": 1,
  "time": "21:27:34"
 }
][
 {
  "type": "ask",
  "price": 217.462269,
  "amount": 5.62368951,
  "time": "21:27:50"
 }
][
 {
  "type": "bid",
  "price": 217.5,
  "amount": 2.71021922,
  "time": "21:28:0"
 }
][
 {
  "type": "bid",
  "price": 217.5,
  "amount": 1.154876,
  "time": "21:28:3"
 }
][
 {
  "type": "bid",
  "price": 217.5,
  "amount": 0.27220642,
  "time": "21:28:9"
 }
][
 {
  "type": "bid",
  "price": 217.5,
  "amount": 3.064948,
  "time": "21:28:14"
 },
 {
  "type": "bid",
  "price": 217.5,
  "amount": 1.512116,
  "time": "21:28:14"
 },
 {
  "type": "bid",
  "price": 217.5,
  "amount": 9.482666,
  "time": "21:28:14"
 },
 {
  "type": "ask",
  "price": 217.424539,
  "amount": 0.010113,
  "time": "21:28:13"
 }
][
 {
  "type": "bid",
  "price": 217.5,
  "amount": 0.4,
  "time": "21:28:25"
 }
][
 {
  "type": "bid",
  "price": 217.5,
  "amount": 2.20454713,
  "time": "21:28:31"
 }
][
 {
  "type": "bid",
  "price": 217.5,
  "amount": 0.44647874,
  "time": "21:28:34"
 }
][
 {
  "type": "bid",
  "price": 217.5,
  "amount": 0.77689225,
  "time": "21:28:39"
 }
][
 {
  "type": "bid",
  "price": 217.5,
  "amount": 2.94264016,
  "time": "21:29:4"
 }
][
 {
  "type": "bid",
  "price": 217.5,
  "amount": 0.25948867,
  "time": "21:29:36"
 }
][
 {
  "type": "bid",
  "price": 217.5,
  "amount": 0.24735695,
  "time": "21:29:53"
 }
][
 {
  "type": "bid",
  "price": 217.5,
  "amount": 0.2597248,
  "time": "21:29:54"
 }
][
 {
  "type": "bid",
  "price": 217.5,
  "amount": 32.9661532,
  "time": "21:30:28"
 }
][
 {
  "type": "bid",
  "price": 218.7,
  "amount": 0.50188571,
  "time": "21:31:1"
 }
][
 {
  "type": "bid",
  "price": 218.9834,
  "amount": 0.59975859,
  "time": "21:31:48"
 }
][
 {
  "type": "bid",
  "price": 218.9334,
  "amount": 0.109,
  "time": "21:32:1"
 }
][
 {
  "type": "bid",
  "price": 218.9334,
  "amount": 0.0577929,
  "time": "21:32:23"
 }
][
 {
  "type": "bid",
  "price": 218.9834,
  "amount": 3.24766325,
  "time": "21:32:35"
 },
 {
  "type": "bid",
  "price": 218.9334,
  "amount": 0.2832071,
  "time": "21:32:35"
 }
][
 {
  "type": "ask",
  "price": 218.2567,
  "amount": 7.69786711,
  "time": "21:34:33"
 }
][
 {
  "type": "bid",
  "price": 217.541,
  "amount": 0.017322,
  "time": "21:35:4"
 }
][
 {
  "type": "ask",
  "price": 218.2617,
  "amount": 23.99506323,
  "time": "21:35:8"
 }
][
 {
  "type": "bid",
  "price": 218.5,
  "amount": 0.2296,
  "time": "21:37:4"
 }
][
 {
  "type": "bid",
  "price": 218.9834,
  "amount": 2.56376224,
  "time": "21:37:22"
 }
][
 {
  "type": "bid",
  "price": 218.9834,
  "amount": 0.88020951,
  "time": "21:38:11"
 },
 {
  "type": "bid",
  "price": 218.9334,
  "amount": 0.4568,
  "time": "21:38:11"
 }
][
 {
  "type": "bid",
  "price": 218.9834,
  "amount": 3.27070092,
  "time": "21:38:31"
 }
][
 {
  "type": "bid",
  "price": 218.5,
  "amount": 5.22046761,
  "time": "21:39:37"
 }
][
 {
  "type": "ask",
  "price": 218.1965,
  "amount": 22.60112353,
  "time": "21:39:39"
 }
][
 {
  "type": "bid",
  "price": 218.5,
  "amount": 0.01433538,
  "time": "21:40:1"
 }
][
 {
  "type": "ask",
  "price": 218.1965,
  "amount": 1.73861679,
  "time": "21:41:10"
 }
][
 {
  "type": "bid",
  "price": 218.5,
  "amount": 0.012,
  "time": "21:42:7"
 }
][
 {
  "type": "ask",
  "price": 217.893,
  "amount": 0.26036715,
  "time": "21:42:14"
 },
 {
  "type": "ask",
  "price": 217.893,
  "amount": 0.1005,
  "time": "21:42:14"
 }
][
 {
  "type": "bid",
  "price": 218.5,
  "amount": 0.13729967,
  "time": "21:42:17"
 }
][
 {
  "type": "bid",
  "price": 217.5,
  "amount": 0.67844362,
  "time": "21:43:22"
 },
 {
  "type": "ask",
  "price": 217.5,
  "amount": 0.102,
  "time": "21:43:21"
 },
 {
  "type": "ask",
  "price": 218,
  "amount": 0.48,
  "time": "21:43:21"
 }
][
 {
  "type": "bid",
  "price": 217.5,
  "amount": 0.43278579,
  "time": "21:43:24"
 }
][
 {
  "type": "bid",
  "price": 217.5,
  "amount": 0.2078874,
  "time": "21:43:25"
 }
][
 {
  "type": "ask",
  "price": 217.962269,
  "amount": 11.96799362,
  "time": "21:44:33"
 }
][
 {
  "type": "ask",
  "price": 217.962269,
  "amount": 25.41749662,
  "time": "21:46:40"
 }
][
 {
  "type": "ask",
  "price": 217.962269,
  "amount": 24.84962149,
  "time": "21:46:49"
 }
][
 {
  "type": "ask",
  "price": 217.962269,
  "amount": 13.47932722,
  "time": "21:47:19"
 }
][
 {
  "type": "bid",
  "price": 218.466899,
  "amount": 1.55,
  "time": "21:47:55"
 },
 {
  "type": "bid",
  "price": 218.449999,
  "amount": 0.45,
  "time": "21:47:55"
 }
][
 {
  "type": "ask",
  "price": 218.449999,
  "amount": 0.45,
  "time": "21:48:7"
 }
][
 {
  "type": "bid",
  "price": 218.416899,
  "amount": 0.45,
  "time": "21:48:23"
 }
][
 {
  "type": "ask",
  "price": 218.466899,
  "amount": 3.75641847,
  "time": "21:48:38"
 }
][
 {
  "type": "bid",
  "price": 218.455975,
  "amount": 0.05,
  "time": "21:48:47"
 },
 {
  "type": "bid",
  "price": 218.4169,
  "amount": 0.45,
  "time": "21:48:47"
 }
][
 {
  "type": "ask",
  "price": 217.940257,
  "amount": 18.16730348,
  "time": "21:48:56"
 }
][
 {
  "type": "ask",
  "price": 217.4669,
  "amount": 0.22142815,
  "time": "21:49:24"
 }
][
 {
  "type": "ask",
  "price": 217.961438,
  "amount": 24.93113283,
  "time": "21:49:24"
 }
][
 {
  "type": "bid",
  "price": 217.4669,
  "amount": 5.13860927,
  "time": "21:49:45"
 },
 {
  "type": "bid",
  "price": 217.4669,
  "amount": 0.92734217,
  "time": "21:49:45"
 },
 {
  "type": "ask",
  "price": 217.4669,
  "amount": 0.74164856,
  "time": "21:49:43"
 }
][
 {
  "type": "bid",
  "price": 218.405976,
  "amount": 0.06052271,
  "time": "21:50:11"
 }
][
 {
  "type": "ask",
  "price": 217.424539,
  "amount": 0.60023801,
  "time": "21:50:35"
 }
][
 {
  "type": "ask",
  "price": 217.424538,
  "amount": 1.00369038,
  "time": "21:50:49"
 },
 {
  "type": "ask",
  "price": 217.424539,
  "amount": 0.23497742,
  "time": "21:50:49"
 }
][
 {
  "type": "ask",
  "price": 217.424538,
  "amount": 0.11,
  "time": "21:51:53"
 }
][
 {
  "type": "ask",
  "price": 217.885544,
  "amount": 3.01412465,
  "time": "21:52:13"
 }
][
 {
  "type": "ask",
  "price": 217.885544,
  "amount": 20.33321737,
  "time": "21:52:52"
 }
][
 {
  "type": "ask",
  "price": 217.809122,
  "amount": 13.10895536,
  "time": "21:53:33"
 }
][
 {
  "type": "ask",
  "price": 217.412,
  "amount": 0.1005,
  "time": "21:56:37"
 },
 {
  "type": "ask",
  "price": 217.424538,
  "amount": 0.06407682,
  "time": "21:56:37"
 },
 {
  "type": "ask",
  "price": 217.8091,
  "amount": 0.91,
  "time": "21:56:37"
 }
][
 {
  "type": "ask",
  "price": 217.385866,
  "amount": 0.51560949,
  "time": "21:57:4"
 }
][
 {
  "type": "ask",
  "price": 217,
  "amount": 0.57744659,
  "time": "21:57:22"
 },
 {
  "type": "ask",
  "price": 217.385866,
  "amount": 0.03523341,
  "time": "21:57:22"
 }
][
 {
  "type": "ask",
  "price": 217.567365,
  "amount": 2.64117785,
  "time": "21:57:51"
 }
][
 {
  "type": "bid",
  "price": 217.75,
  "amount": 4.81700413,
  "time": "21:58:1"
 }
][
 {
  "type": "ask",
  "price": 217.567365,
  "amount": 18.08386163,
  "time": "21:58:6"
 },
 {
  "type": "bid",
  "price": 217.75,
  "amount": 4.81701377,
  "time": "21:58:5"
 }
][
 {
  "type": "bid",
  "price": 217.75,
  "amount": 4.81702304,
  "time": "21:58:8"
 }
][
 {
  "type": "ask",
  "price": 217.38473,
  "amount": 0.363306,
  "time": "21:58:10"
 }
][
 {
  "type": "bid",
  "price": 217.38473,
  "amount": 0.30448596,
  "time": "21:58:35"
 }
][
 {
  "type": "bid",
  "price": 217.38473,
  "amount": 0.00220804,
  "time": "21:58:59"
 },
 {
  "type": "bid",
  "price": 217.38473,
  "amount": 0.02,
  "time": "21:58:58"
 }
][
 {
  "type": "bid",
  "price": 218.299998,
  "amount": 11.44350961,
  "time": "22:3:47"
 },
 {
  "type": "bid",
  "price": 218,
  "amount": 3.8e-7,
  "time": "22:3:47"
 },
 {
  "type": "ask",
  "price": 218,
  "amount": 1.56830562,
  "time": "22:3:47"
 },
 {
  "type": "ask",
  "price": 218.015998,
  "amount": 0.045,
  "time": "22:3:47"
 },
 {
  "type": "ask",
  "price": 218,
  "amount": 3.05910751,
  "time": "22:3:28"
 },
 {
  "type": "ask",
  "price": 218,
  "amount": 0.37258687,
  "time": "22:3:28"
 },
 {
  "type": "bid",
  "price": 218.299999,
  "amount": 0.011,
  "time": "22:1:32"
 },
 {
  "type": "bid",
  "price": 218.299999,
  "amount": 0.07325897,
  "time": "22:1:11"
 },
 {
  "type": "bid",
  "price": 218.3,
  "amount": 4.1292111,
  "time": "22:0:57"
 },
 {
  "type": "ask",
  "price": 217.7015,
  "amount": 15.04425147,
  "time": "22:0:43"
 }
][
 {
  "type": "bid",
  "price": 218.299999,
  "amount": 5.45,
  "time": "22:6:16"
 },
 {
  "type": "bid",
  "price": 218.299998,
  "amount": 11.44350961,
  "time": "22:3:47"
 },
 {
  "type": "bid",
  "price": 218,
  "amount": 3.8e-7,
  "time": "22:3:47"
 },
 {
  "type": "ask",
  "price": 218,
  "amount": 1.56830562,
  "time": "22:3:47"
 },
 {
  "type": "ask",
  "price": 218.015998,
  "amount": 0.045,
  "time": "22:3:47"
 },
 {
  "type": "ask",
  "price": 218,
  "amount": 3.05910751,
  "time": "22:3:28"
 },
 {
  "type": "ask",
  "price": 218,
  "amount": 0.37258687,
  "time": "22:3:28"
 },
 {
  "type": "bid",
  "price": 218.299999,
  "amount": 0.011,
  "time": "22:1:32"
 },
 {
  "type": "bid",
  "price": 218.299999,
  "amount": 0.07325897,
  "time": "22:1:11"
 },
 {
  "type": "bid",
  "price": 218.3,
  "amount": 4.1292111,
  "time": "22:0:57"
 }
][
 {
  "type": "bid",
  "price": 218.299999,
  "amount": 0.12352445,
  "time": "22:7:33"
 }
][
 {
  "type": "ask",
  "price": 217,
  "amount": 1.400187,
  "time": "22:8:20"
 }
][
 {
  "type": "bid",
  "price": 218.299999,
  "amount": 0.92,
  "time": "22:8:39"
 }
][
 {
  "type": "ask",
  "price": 217,
  "amount": 0.50942091,
  "time": "22:9:20"
 },
 {
  "type": "ask",
  "price": 217,
  "amount": 0.47326422,
  "time": "22:9:20"
 },
 {
  "type": "ask",
  "price": 217.1,
  "amount": 3.89228587,
  "time": "22:9:20"
 }
][
 {
  "type": "bid",
  "price": 218.299999,
  "amount": 4.35859799,
  "time": "22:9:43"
 },
 {
  "type": "bid",
  "price": 218.29999,
  "amount": 0.459,
  "time": "22:9:43"
 }
][
 {
  "type": "bid",
  "price": 217.649999,
  "amount": 0.67232601,
  "time": "22:10:13"
 },
 {
  "type": "bid",
  "price": 217.649999,
  "amount": 2.58451191,
  "time": "22:10:11"
 },
 {
  "type": "ask",
  "price": 217.65,
  "amount": 20.32847385,
  "time": "22:10:10"
 }
][
 {
  "type": "bid",
  "price": 217.649999,
  "amount": 0.40301593,
  "time": "22:10:23"
 },
 {
  "type": "bid",
  "price": 217.649999,
  "amount": 0.25093143,
  "time": "22:10:17"
 },
 {
  "type": "bid",
  "price": 217.649999,
  "amount": 0.42173814,
  "time": "22:10:16"
 },
 {
  "type": "bid",
  "price": 217.649999,
  "amount": 0.56990385,
  "time": "22:10:14"
 },
 {
  "type": "bid",
  "price": 217.649999,
  "amount": 0.67232601,
  "time": "22:10:13"
 },
 {
  "type": "bid",
  "price": 217.649999,
  "amount": 2.58451191,
  "time": "22:10:11"
 },
 {
  "type": "ask",
  "price": 217.65,
  "amount": 20.32847385,
  "time": "22:10:10"
 },
 {
  "type": "bid",
  "price": 218.299999,
  "amount": 4.35859799,
  "time": "22:9:43"
 },
 {
  "type": "bid",
  "price": 218.29999,
  "amount": 0.459,
  "time": "22:9:43"
 },
 {
  "type": "ask",
  "price": 217,
  "amount": 0.50942091,
  "time": "22:9:20"
 }
][
 {
  "type": "ask",
  "price": 217.65,
  "amount": 26.73136429,
  "time": "22:10:31"
 }
][
 {
  "type": "ask",
  "price": 217,
  "amount": 0.09575916,
  "time": "22:10:34"
 },
 {
  "type": "ask",
  "price": 217,
  "amount": 0.93722518,
  "time": "22:10:34"
 },
 {
  "type": "ask",
  "price": 217,
  "amount": 0.12122866,
  "time": "22:10:34"
 }
][
 {
  "type": "bid",
  "price": 218.299999,
  "amount": 1,
  "time": "22:12:26"
 }
][
 {
  "type": "bid",
  "price": 218.299999,
  "amount": 1,
  "time": "22:12:26"
 },
 {
  "type": "ask",
  "price": 217,
  "amount": 0.09575916,
  "time": "22:10:34"
 },
 {
  "type": "ask",
  "price": 217,
  "amount": 0.93722518,
  "time": "22:10:34"
 },
 {
  "type": "ask",
  "price": 217,
  "amount": 0.12122866,
  "time": "22:10:34"
 },
 {
  "type": "ask",
  "price": 217.65,
  "amount": 26.73136429,
  "time": "22:10:31"
 },
 {
  "type": "bid",
  "price": 217.649999,
  "amount": 0.40301593,
  "time": "22:10:23"
 },
 {
  "type": "bid",
  "price": 217.649999,
  "amount": 0.25093143,
  "time": "22:10:17"
 },
 {
  "type": "bid",
  "price": 217.649999,
  "amount": 0.42173814,
  "time": "22:10:16"
 },
 {
  "type": "bid",
  "price": 217.649999,
  "amount": 0.56990385,
  "time": "22:10:14"
 },
 {
  "type": "bid",
  "price": 217.649999,
  "amount": 0.67232601,
  "time": "22:10:13"
 }
][
 {
  "type": "ask",
  "price": 217.624999,
  "amount": 27.9923223,
  "time": "22:13:34"
 }
][
 {
  "type": "bid",
  "price": 216.604296,
  "amount": 0.011737,
  "time": "22:20:3"
 },
 {
  "type": "ask",
  "price": 216,
  "amount": 0.74471584,
  "time": "22:19:53"
 },
 {
  "type": "ask",
  "price": 216,
  "amount": 0.14032222,
  "time": "22:19:53"
 },
 {
  "type": "ask",
  "price": 216,
  "amount": 1,
  "time": "22:19:53"
 },
 {
  "type": "ask",
  "price": 216.22,
  "amount": 1.3,
  "time": "22:19:53"
 },
 {
  "type": "ask",
  "price": 216.258283,
  "amount": 0.1766584,
  "time": "22:19:53"
 },
 {
  "type": "ask",
  "price": 216.431289,
  "amount": 6.36106656,
  "time": "22:19:12"
 },
 {
  "type": "ask",
  "price": 216.604296,
  "amount": 0.18224,
  "time": "22:19:2"
 },
 {
  "type": "bid",
  "price": 216.666205,
  "amount": 0.09009304,
  "time": "22:19:1"
 },
 {
  "type": "bid",
  "price": 216.666205,
  "amount": 0.4559665,
  "time": "22:18:57"
 }
][
 {
  "type": "ask",
  "price": 216.125729,
  "amount": 0.04240279,
  "time": "22:24:27"
 },
 {
  "type": "ask",
  "price": 216.125729,
  "amount": 0.067794,
  "time": "22:24:21"
 },
 {
  "type": "ask",
  "price": 215.588715,
  "amount": 11.03633105,
  "time": "22:24:9"
 },
 {
  "type": "ask",
  "price": 215.0517,
  "amount": 4.96,
  "time": "22:23:56"
 },
 {
  "type": "bid",
  "price": 216.1,
  "amount": 0.87803218,
  "time": "22:23:52"
 },
 {
  "type": "bid",
  "price": 216.125729,
  "amount": 0.58756804,
  "time": "22:23:13"
 },
 {
  "type": "ask",
  "price": 215.310072,
  "amount": 0.132206,
  "time": "22:22:59"
 },
 {
  "type": "bid",
  "price": 216.125729,
  "amount": 0.5527218,
  "time": "22:22:57"
 },
 {
  "type": "bid",
  "price": 216.125729,
  "amount": 0.50105224,
  "time": "22:22:22"
 },
 {
  "type": "ask",
  "price": 215.030428,
  "amount": 2.23170883,
  "time": "22:22:5"
 }
][
 {
  "type": "bid",
  "price": 216.125729,
  "amount": 30.8647727,
  "time": "22:26:28"
 },
 {
  "type": "bid",
  "price": 216.125729,
  "amount": 4.83878867,
  "time": "22:26:28"
 },
 {
  "type": "bid",
  "price": 216.125729,
  "amount": 0.44,
  "time": "22:26:26"
 },
 {
  "type": "bid",
  "price": 216.125729,
  "amount": 4.10543863,
  "time": "22:26:25"
 },
 {
  "type": "bid",
  "price": 216.125729,
  "amount": 0.3,
  "time": "22:26:25"
 },
 {
  "type": "bid",
  "price": 216.125729,
  "amount": 0.43332521,
  "time": "22:26:25"
 },
 {
  "type": "bid",
  "price": 216.125729,
  "amount": 0.024272,
  "time": "22:25:2"
 },
 {
  "type": "ask",
  "price": 215.588715,
  "amount": 5.27220609,
  "time": "22:24:42"
 },
 {
  "type": "ask",
  "price": 216.125729,
  "amount": 0.04240279,
  "time": "22:24:27"
 },
 {
  "type": "ask",
  "price": 216.125729,
  "amount": 0.067794,
  "time": "22:24:21"
 }
][
 {
  "type": "bid",
  "price": 215.220001,
  "amount": 0.81576777,
  "time": "22:27:55"
 },
 {
  "type": "ask",
  "price": 214,
  "amount": 0.01402676,
  "time": "22:27:51"
 },
 {
  "type": "ask",
  "price": 214.071119,
  "amount": 0.06492501,
  "time": "22:27:51"
 },
 {
  "type": "ask",
  "price": 214.123,
  "amount": 0.08121827,
  "time": "22:27:51"
 },
 {
  "type": "ask",
  "price": 214.175018,
  "amount": 0.1002004,
  "time": "22:27:51"
 },
 {
  "type": "ask",
  "price": 214.2,
  "amount": 0.051,
  "time": "22:27:51"
 },
 {
  "type": "ask",
  "price": 214.357548,
  "amount": 0.215761,
  "time": "22:27:51"
 },
 {
  "type": "ask",
  "price": 214.357548,
  "amount": 0.093302,
  "time": "22:27:51"
 },
 {
  "type": "ask",
  "price": 214.36,
  "amount": 0.5,
  "time": "22:27:51"
 },
 {
  "type": "ask",
  "price": 214.407043,
  "amount": 1.19905558,
  "time": "22:27:51"
 }
][
 {
  "type": "bid",
  "price": 215.220001,
  "amount": 6.36165533,
  "time": "22:28:18"
 },
 {
  "type": "bid",
  "price": 215.220001,
  "amount": 0.81576777,
  "time": "22:27:55"
 },
 {
  "type": "ask",
  "price": 214,
  "amount": 0.01402676,
  "time": "22:27:51"
 },
 {
  "type": "ask",
  "price": 214.071119,
  "amount": 0.06492501,
  "time": "22:27:51"
 },
 {
  "type": "ask",
  "price": 214.123,
  "amount": 0.08121827,
  "time": "22:27:51"
 },
 {
  "type": "ask",
  "price": 214.175018,
  "amount": 0.1002004,
  "time": "22:27:51"
 },
 {
  "type": "ask",
  "price": 214.2,
  "amount": 0.051,
  "time": "22:27:51"
 },
 {
  "type": "ask",
  "price": 214.357548,
  "amount": 0.215761,
  "time": "22:27:51"
 },
 {
  "type": "ask",
  "price": 214.357548,
  "amount": 0.093302,
  "time": "22:27:51"
 },
 {
  "type": "ask",
  "price": 214.36,
  "amount": 0.5,
  "time": "22:27:51"
 }
][
 {
  "type": "bid",
  "price": 215.220001,
  "amount": 1.64893085,
  "time": "22:28:36"
 }
][
 {
  "type": "ask",
  "price": 214.000001,
  "amount": 0.9655,
  "time": "22:28:57"
 }
][
 {
  "type": "bid",
  "price": 215.220001,
  "amount": 1.13731654,
  "time": "22:29:13"
 }
][
 {
  "type": "ask",
  "price": 213.5,
  "amount": 0.20236459,
  "time": "22:44:53"
 },
 {
  "type": "ask",
  "price": 213.493992,
  "amount": 1.81013204,
  "time": "22:44:9"
 },
 {
  "type": "ask",
  "price": 213.5,
  "amount": 1,
  "time": "22:43:26"
 },
 {
  "type": "ask",
  "price": 213.6,
  "amount": 1,
  "time": "22:43:20"
 },
 {
  "type": "bid",
  "price": 214,
  "amount": 10,
  "time": "22:43:10"
 },
 {
  "type": "bid",
  "price": 213.89963,
  "amount": 0.3856772,
  "time": "22:42:27"
 },
 {
  "type": "ask",
  "price": 213.872203,
  "amount": 0.39354397,
  "time": "22:42:26"
 },
 {
  "type": "ask",
  "price": 213.872203,
  "amount": 0.37504158,
  "time": "22:42:17"
 },
 {
  "type": "bid",
  "price": 213.872203,
  "amount": 1.19378711,
  "time": "22:42:15"
 },
 {
  "type": "ask",
  "price": 213.493992,
  "amount": 0.16110625,
  "time": "22:42:3"
 }
][
 {
  "type": "ask",
  "price": 213.5,
  "amount": 0.010334,
  "time": "22:45:2"
 }
][
 {
  "type": "ask",
  "price": 213.6,
  "amount": 0.16275274,
  "time": "22:45:4"
 }
][
 {
  "type": "ask",
  "price": 213.6,
  "amount": 0.70724726,
  "time": "22:45:5"
 }
][
 {
  "type": "ask",
  "price": 213.5,
  "amount": 0.78730141,
  "time": "22:45:22"
 },
 {
  "type": "bid",
  "price": 213.89963,
  "amount": 1.11680006,
  "time": "22:45:21"
 }
][
 {
  "type": "ask",
  "price": 213.493992,
  "amount": 0.4642875,
  "time": "22:45:25"
 },
 {
  "type": "ask",
  "price": 213.493992,
  "amount": 0.94553363,
  "time": "22:45:23"
 }
][
 {
  "type": "ask",
  "price": 213.746996,
  "amount": 8.1525555,
  "time": "22:45:27"
 }
][
 {
  "type": "ask",
  "price": 213.623498,
  "amount": 25.04010506,
  "time": "22:45:31"
 }
][
 {
  "type": "ask",
  "price": 213.89963,
  "amount": 0.39611935,
  "time": "22:45:33"
 },
 {
  "type": "bid",
  "price": 213.746996,
  "amount": 0.17120764,
  "time": "22:45:31"
 }
][
 {
  "type": "ask",
  "price": 213.89963,
  "amount": 0.54722903,
  "time": "22:45:33"
 }
][
 {
  "type": "ask",
  "price": 213.89963,
  "amount": 0.295,
  "time": "22:45:49"
 },
 {
  "type": "ask",
  "price": 213.75,
  "amount": 1.95444404,
  "time": "22:45:48"
 }
][
 {
  "type": "bid",
  "price": 214,
  "amount": 1,
  "time": "22:45:50"
 }
][
 {
  "type": "ask",
  "price": 213.75,
  "amount": 7.53726133,
  "time": "22:46:10"
 }
][
 {
  "type": "bid",
  "price": 214,
  "amount": 1.37316886,
  "time": "22:46:57"
 },
 {
  "type": "bid",
  "price": 214,
  "amount": 4.840003,
  "time": "22:46:57"
 }
][
 {
  "type": "bid",
  "price": 214,
  "amount": 5.8652026,
  "time": "22:46:59"
 }
][
 {
  "type": "ask",
  "price": 213.5,
  "amount": 0.54849616,
  "time": "22:47:3"
 },
 {
  "type": "bid",
  "price": 214,
  "amount": 4,
  "time": "22:47:3"
 }
][
 {
  "type": "bid",
  "price": 214,
  "amount": 0.5,
  "time": "22:47:6"
 }
][
 {
  "type": "bid",
  "price": 214,
  "amount": 9.661252,
  "time": "22:47:11"
 },
 {
  "type": "bid",
  "price": 214,
  "amount": 6,
  "time": "22:47:11"
 }
][
 {
  "type": "bid",
  "price": 214,
  "amount": 4.6e-7,
  "time": "22:47:12"
 }
][
 {
  "type": "bid",
  "price": 214.04068,
  "amount": 0.04127895,
  "time": "22:47:16"
 }
][
 {
  "type": "bid",
  "price": 214.045986,
  "amount": 0.11928351,
  "time": "22:47:18"
 }
][
 {
  "type": "bid",
  "price": 214.5,
  "amount": 10,
  "time": "22:47:26"
 },
 {
  "type": "bid",
  "price": 214.348779,
  "amount": 0.3558728,
  "time": "22:47:26"
 }
][
 {
  "type": "ask",
  "price": 213.510002,
  "amount": 0.033,
  "time": "22:47:27"
 }
][
 {
  "type": "bid",
  "price": 214.620756,
  "amount": 1.18823968,
  "time": "22:47:32"
 }
][
 {
  "type": "bid",
  "price": 214.734652,
  "amount": 0.2256422,
  "time": "22:47:33"
 }
][
 {
  "type": "ask",
  "price": 213.659236,
  "amount": 1.19206968,
  "time": "22:47:35"
 }
][
 {
  "type": "bid",
  "price": 214.620756,
  "amount": 1.18823968,
  "time": "22:47:38"
 }
][
 {
  "type": "bid",
  "price": 214.620756,
  "amount": 0.0045816,
  "time": "22:47:39"
 }
][
 {
  "type": "ask",
  "price": 214.620756,
  "amount": 0.64443515,
  "time": "22:47:44"
 }
][
 {
  "type": "ask",
  "price": 214.620756,
  "amount": 0.54838613,
  "time": "22:47:45"
 }
][
 {
  "type": "bid",
  "price": 215.142648,
  "amount": 0.2139675,
  "time": "22:47:55"
 }
][
 {
  "type": "ask",
  "price": 215.142648,
  "amount": 1.20034966,
  "time": "22:47:57"
 }
][
 {
  "type": "ask",
  "price": 215.142648,
  "amount": 0.20257,
  "time": "22:47:58"
 }
][
 {
  "type": "ask",
  "price": 215.142648,
  "amount": 0.18078254,
  "time": "22:48:2"
 },
 {
  "type": "ask",
  "price": 215.176324,
  "amount": 5.1076507,
  "time": "22:48:1"
 },
 {
  "type": "ask",
  "price": 215.176324,
  "amount": 0.08360757,
  "time": "22:48:1"
 },
 {
  "type": "ask",
  "price": 215.142648,
  "amount": 0.28124419,
  "time": "22:48:0"
 }
][
 {
  "type": "ask",
  "price": 215.142648,
  "amount": 0.26733575,
  "time": "22:48:4"
 }
][
 {
  "type": "ask",
  "price": 215.152648,
  "amount": 1.19338456,
  "time": "22:48:6"
 }
][
 {
  "type": "ask",
  "price": 215.152648,
  "amount": 0.11925867,
  "time": "22:48:8"
 }
][
 {
  "type": "ask",
  "price": 215.152648,
  "amount": 0.1539921,
  "time": "22:48:10"
 }
][
 {
  "type": "ask",
  "price": 215.152648,
  "amount": 0.34738738,
  "time": "22:48:12"
 },
 {
  "type": "ask",
  "price": 215.152648,
  "amount": 0.12837759,
  "time": "22:48:11"
 }
][
 {
  "type": "ask",
  "price": 215.142648,
  "amount": 0.23867195,
  "time": "22:48:14"
 },
 {
  "type": "ask",
  "price": 215.152648,
  "amount": 0.0575997,
  "time": "22:48:14"
 }
][
 {
  "type": "ask",
  "price": 215,
  "amount": 0.11,
  "time": "22:48:53"
 }
][
 {
  "type": "ask",
  "price": 215,
  "amount": 1.77435112,
  "time": "22:48:56"
 }
][
 {
  "type": "ask",
  "price": 215.176324,
  "amount": 0.88238921,
  "time": "22:49:15"
 }
][
 {
  "type": "bid",
  "price": 215.176324,
  "amount": 0.57330832,
  "time": "22:49:32"
 }
][
 {
  "type": "ask",
  "price": 214.0001,
  "amount": 5.16005469,
  "time": "22:49:38"
 }
][
 {
  "type": "bid",
  "price": 214.101,
  "amount": 0.016577,
  "time": "22:50:5"
 }
][
 {
  "type": "ask",
  "price": 214.4,
  "amount": 0.25836171,
  "time": "22:50:33"
 }
][
 {
  "type": "ask",
  "price": 214.3,
  "amount": 0.01580341,
  "time": "22:50:49"
 },
 {
  "type": "bid",
  "price": 215.176324,
  "amount": 0.9832097,
  "time": "22:50:48"
 }
][
 {
  "type": "bid",
  "price": 215.21,
  "amount": 0.19218575,
  "time": "22:50:54"
 }
][
 {
  "type": "bid",
  "price": 215.371928,
  "amount": 1.18421858,
  "time": "22:51:9"
 }
][
 {
  "type": "bid",
  "price": 215.5,
  "amount": 0.499,
  "time": "22:51:12"
 },
 {
  "type": "ask",
  "price": 214.407043,
  "amount": 1.18934062,
  "time": "22:51:12"
 }
][
 {
  "type": "ask",
  "price": 214.5,
  "amount": 0.5,
  "time": "22:51:17"
 },
 {
  "type": "bid",
  "price": 215,
  "amount": 0.5,
  "time": "22:51:17"
 }
][
 {
  "type": "bid",
  "price": 215.371928,
  "amount": 1.18915286,
  "time": "22:51:19"
 }
][
 {
  "type": "ask",
  "price": 214.407044,
  "amount": 0.68934193,
  "time": "22:51:24"
 },
 {
  "type": "ask",
  "price": 215,
  "amount": 0.5,
  "time": "22:51:24"
 }
][
 {
  "type": "ask",
  "price": 214.407043,
  "amount": 1.18934193,
  "time": "22:51:27"
 }
][
 {
  "type": "bid",
  "price": 215.371928,
  "amount": 1.18915417,
  "time": "22:51:31"
 }
][
 {
  "type": "ask",
  "price": 214.407045,
  "amount": 1.18934324,
  "time": "22:51:39"
 },
 {
  "type": "bid",
  "price": 215.637398,
  "amount": 0.1521529,
  "time": "22:51:39"
 }
][
 {
  "type": "bid",
  "price": 215.90582,
  "amount": 0.010978,
  "time": "22:51:41"
 }
][
 {
  "type": "ask",
  "price": 215.378447,
  "amount": 8.16822855,
  "time": "22:51:43"
 }
][
 {
  "type": "bid",
  "price": 216,
  "amount": 0.499,
  "time": "22:52:21"
 }
][
 {
  "type": "bid",
  "price": 216,
  "amount": 0.66969916,
  "time": "22:52:48"
 }
][
 {
  "type": "bid",
  "price": 216,
  "amount": 1,
  "time": "22:52:58"
 }
][
 {
  "type": "ask",
  "price": 215.53,
  "amount": 4.82143214,
  "time": "22:53:21"
 }
][
 {
  "type": "bid",
  "price": 216,
  "amount": 0.0508,
  "time": "22:53:25"
 }
][
 {
  "type": "bid",
  "price": 216,
  "amount": 0.956,
  "time": "22:53:27"
 }
][
 {
  "type": "bid",
  "price": 216,
  "amount": 2.32350084,
  "time": "22:54:2"
 }
][
 {
  "type": "bid",
  "price": 216,
  "amount": 0.19169004,
  "time": "22:54:5"
 },
 {
  "type": "ask",
  "price": 215.598,
  "amount": 25.70926741,
  "time": "22:54:2"
 },
 {
  "type": "ask",
  "price": 216,
  "amount": 2.33649916,
  "time": "22:54:2"
 }
][
 {
  "type": "ask",
  "price": 216,
  "amount": 0.80830996,
  "time": "22:54:12"
 }
][
 {
  "type": "bid",
  "price": 216,
  "amount": 1.77144182,
  "time": "22:54:17"
 }
][
 {
  "type": "ask",
  "price": 216,
  "amount": 0.1996,
  "time": "22:54:23"
 }
][
 {
  "type": "bid",
  "price": 216.12573,
  "amount": 1.04,
  "time": "22:54:36"
 }
][
 {
  "type": "bid",
  "price": 216.062865,
  "amount": 14.41634418,
  "time": "22:54:48"
 }
][
 {
  "type": "bid",
  "price": 216.12573,
  "amount": 4.0536258,
  "time": "22:55:0"
 },
 {
  "type": "bid",
  "price": 216.12573,
  "amount": 0.14135942,
  "time": "22:55:0"
 },
 {
  "type": "bid",
  "price": 216.125,
  "amount": 0.04830082,
  "time": "22:55:0"
 }
][
 {
  "type": "ask",
  "price": 216,
  "amount": 0.026313,
  "time": "22:55:3"
 }
][
 {
  "type": "bid",
  "price": 216.1599,
  "amount": 0.04815878,
  "time": "22:55:5"
 }
][
 {
  "type": "bid",
  "price": 216.334912,
  "amount": 0.0846041,
  "time": "22:55:7"
 }
][
 {
  "type": "bid",
  "price": 216.12,
  "amount": 0.0104789,
  "time": "22:55:25"
 }
][
 {
  "type": "bid",
  "price": 216.604,
  "amount": 0.01709592,
  "time": "22:55:45"
 }
][
 {
  "type": "bid",
  "price": 216.716,
  "amount": 0.09178055,
  "time": "22:56:37"
 },
 {
  "type": "bid",
  "price": 216.604296,
  "amount": 0.0955441,
  "time": "22:56:37"
 },
 {
  "type": "bid",
  "price": 216.604,
  "amount": 0.47190408,
  "time": "22:56:37"
 }
][
 {
  "type": "bid",
  "price": 216.716,
  "amount": 0.00851845,
  "time": "22:56:38"
 }
][
 {
  "type": "bid",
  "price": 216.766396,
  "amount": 0.014488,
  "time": "22:56:40"
 }
][
 {
  "type": "ask",
  "price": 215.637,
  "amount": 0.1005,
  "time": "22:56:46"
 },
 {
  "type": "ask",
  "price": 215.8488,
  "amount": 0.01098074,
  "time": "22:56:46"
 },
 {
  "type": "ask",
  "price": 216,
  "amount": 0.00264518,
  "time": "22:56:46"
 }
][
 {
  "type": "ask",
  "price": 215.535,
  "amount": 0.057116,
  "time": "22:57:13"
 },
 {
  "type": "ask",
  "price": 215.546612,
  "amount": 0.01150662,
  "time": "22:57:13"
 },
 {
  "type": "ask",
  "price": 215.598,
  "amount": 1,
  "time": "22:57:13"
 }
][
 {
  "type": "bid",
  "price": 215.196001,
  "amount": 4.85526697,
  "time": "22:57:33"
 }
][
 {
  "type": "ask",
  "price": 216,
  "amount": 0.43684459,
  "time": "22:58:5"
 }
][
 {
  "type": "bid",
  "price": 216.254999,
  "amount": 6.3831507,
  "time": "22:58:47"
 }
][
 {
  "type": "bid",
  "price": 216.5,
  "amount": 0.08132402,
  "time": "22:58:51"
 },
 {
  "type": "bid",
  "price": 216.499999,
  "amount": 0.085512,
  "time": "22:58:51"
 }
][
 {
  "type": "ask",
  "price": 216.01,
  "amount": 1.89608237,
  "time": "22:59:9"
 }
][
 {
  "type": "ask",
  "price": 216,
  "amount": 0.07175644,
  "time": "22:59:54"
 },
 {
  "type": "ask",
  "price": 216.01,
  "amount": 0.10391763,
  "time": "22:59:54"
 }
][
 {
  "type": "ask",
  "price": 216,
  "amount": 2.36896847,
  "time": "23:0:2"
 }
][
 {
  "type": "ask",
  "price": 216,
  "amount": 1.93503432,
  "time": "23:0:6"
 },
 {
  "type": "ask",
  "price": 216,
  "amount": 2.20456563,
  "time": "23:0:4"
 }
][
 {
  "type": "ask",
  "price": 216,
  "amount": 3.21539345,
  "time": "23:0:7"
 }
][
 {
  "type": "ask",
  "price": 216,
  "amount": 2.57403951,
  "time": "23:0:9"
 },
 {
  "type": "ask",
  "price": 216,
  "amount": 3.20126077,
  "time": "23:0:8"
 }
][
 {
  "type": "ask",
  "price": 216,
  "amount": 2.24939573,
  "time": "23:0:11"
 }
][
 {
  "type": "ask",
  "price": 216,
  "amount": 0.23057824,
  "time": "23:0:16"
 },
 {
  "type": "ask",
  "price": 216,
  "amount": 1.74274109,
  "time": "23:0:16"
 }
][
 {
  "type": "ask",
  "price": 216,
  "amount": 0.12552777,
  "time": "23:1:0"
 }
][
 {
  "type": "ask",
  "price": 215.196,
  "amount": 1,
  "time": "23:1:34"
 }
][
 {
  "type": "bid",
  "price": 215.55,
  "amount": 0.047,
  "time": "23:1:57"
 }
][
 {
  "type": "ask",
  "price": 215.157468,
  "amount": 1.18597015,
  "time": "23:3:3"
 }
][
 {
  "type": "ask",
  "price": 215.157468,
  "amount": 0.00113591,
  "time": "23:3:9"
 }
][
 {
  "type": "ask",
  "price": 214.756895,
  "amount": 0.6154298,
  "time": "23:3:16"
 }
][
 {
  "type": "bid",
  "price": 214.750492,
  "amount": 22.7510119,
  "time": "23:3:26"
 }
][
 {
  "type": "bid",
  "price": 214.750492,
  "amount": 24.0120143,
  "time": "23:3:40"
 }
][
 {
  "type": "bid",
  "price": 214.756895,
  "amount": 0.27617841,
  "time": "23:3:45"
 }
][
 {
  "type": "bid",
  "price": 214.756895,
  "amount": 2.15655051,
  "time": "23:3:48"
 },
 {
  "type": "bid",
  "price": 214.756895,
  "amount": 4.77043424,
  "time": "23:3:47"
 },
 {
  "type": "bid",
  "price": 214.744088,
  "amount": 0.08794231,
  "time": "23:3:47"
 },
 {
  "type": "ask",
  "price": 214.744088,
  "amount": 0.01205769,
  "time": "23:3:47"
 }
][
 {
  "type": "ask",
  "price": 214.407043,
  "amount": 1.18383333,
  "time": "23:3:53"
 }
][
 {
  "type": "bid",
  "price": 215.099999,
  "amount": 1.99652975,
  "time": "23:4:19"
 }
][
 {
  "type": "bid",
  "price": 214.978521,
  "amount": 27.42144584,
  "time": "23:4:37"
 }
][
 {
  "type": "ask",
  "price": 214.789869,
  "amount": 30.8260331,
  "time": "23:5:13"
 }
][
 {
  "type": "bid",
  "price": 215.172694,
  "amount": 0.54613888,
  "time": "23:5:52"
 },
 {
  "type": "bid",
  "price": 215.172694,
  "amount": 1.66742991,
  "time": "23:5:52"
 }
][
 {
  "type": "ask",
  "price": 214.789869,
  "amount": 15.56488107,
  "time": "23:6:11"
 },
 {
  "type": "bid",
  "price": 215.172694,
  "amount": 0.78131822,
  "time": "23:6:11"
 }
][
 {
  "type": "ask",
  "price": 214.978521,
  "amount": 4.86273346,
  "time": "23:6:26"
 }
][
 {
  "type": "ask",
  "price": 214.407,
  "amount": 0.07294513,
  "time": "23:6:36"
 },
 {
  "type": "ask",
  "price": 214.407043,
  "amount": 0.00550991,
  "time": "23:6:36"
 }
][
 {
  "type": "bid",
  "price": 215.371928,
  "amount": 0.15122821,
  "time": "23:6:56"
 }
][
 {
  "type": "ask",
  "price": 215,
  "amount": 2.31964731,
  "time": "23:6:58"
 }
][
 {
  "type": "bid",
  "price": 215.371928,
  "amount": 0.36399505,
  "time": "23:7:20"
 },
 {
  "type": "ask",
  "price": 214.622372,
  "amount": 0.0104789,
  "time": "23:7:20"
 }
][
 {
  "type": "ask",
  "price": 214.8535,
  "amount": 6.50101778,
  "time": "23:7:31"
 }
][
 {
  "type": "ask",
  "price": 214.8035,
  "amount": 2.93128528,
  "time": "23:8:2"
 }
][
 {
  "type": "ask",
  "price": 214.407,
  "amount": 0.06456456,
  "time": "23:8:43"
 }
][
 {
  "type": "ask",
  "price": 214.728457,
  "amount": 9.30996489,
  "time": "23:9:6"
 }
][
 {
  "type": "ask",
  "price": 214.728457,
  "amount": 25.73128668,
  "time": "23:9:11"
 }
][
 {
  "type": "ask",
  "price": 214.26,
  "amount": 0.1,
  "time": "23:9:26"
 }
][
 {
  "type": "bid",
  "price": 215.2,
  "amount": 0.07576944,
  "time": "23:9:44"
 }
][
 {
  "type": "ask",
  "price": 214.73,
  "amount": 8.52673495,
  "time": "23:9:51"
 }
][
 {
  "type": "bid",
  "price": 215.2,
  "amount": 0.59677346,
  "time": "23:10:16"
 }
][
 {
  "type": "ask",
  "price": 214.658457,
  "amount": 18.33826002,
  "time": "23:10:53"
 }
][
 {
  "type": "ask",
  "price": 214.658457,
  "amount": 10.25805414,
  "time": "23:11:0"
 }
][
 {
  "type": "bid",
  "price": 215.06,
  "amount": 1.3812778,
  "time": "23:11:7"
 }
][
 {
  "type": "bid",
  "price": 215.1,
  "amount": 0.26094976,
  "time": "23:11:10"
 }
][
 {
  "type": "bid",
  "price": 215.1,
  "amount": 0.73905024,
  "time": "23:11:27"
 }
][
 {
  "type": "ask",
  "price": 215.1,
  "amount": 0.0229324,
  "time": "23:11:31"
 }
][
 {
  "type": "bid",
  "price": 215,
  "amount": 0.1627748,
  "time": "23:11:34"
 }
][
 {
  "type": "bid",
  "price": 215,
  "amount": 0.71249281,
  "time": "23:11:52"
 }
][
 {
  "type": "ask",
  "price": 213.6886,
  "amount": 1.54044035,
  "time": "23:12:42"
 },
 {
  "type": "ask",
  "price": 213.688601,
  "amount": 8.31242057,
  "time": "23:12:42"
 },
 {
  "type": "ask",
  "price": 214.256915,
  "amount": 1,
  "time": "23:12:42"
 },
 {
  "type": "ask",
  "price": 214.256915,
  "amount": 0.01359522,
  "time": "23:12:42"
 }
][
 {
  "type": "ask",
  "price": 214.530265,
  "amount": 18.15120496,
  "time": "23:12:47"
 }
][
 {
  "type": "ask",
  "price": 214.664442,
  "amount": 4.53600405,
  "time": "23:13:58"
 }
][
 {
  "type": "ask",
  "price": 214.664442,
  "amount": 24.7004202,
  "time": "23:14:26"
 }
][
 {
  "type": "bid",
  "price": 215.371928,
  "amount": 0.67314226,
  "time": "23:14:51"
 }
][
 {
  "type": "bid",
  "price": 215.5,
  "amount": 0.16,
  "time": "23:15:1"
 }
][
 {
  "type": "bid",
  "price": 215.118861,
  "amount": 31.01368939,
  "time": "23:15:54"
 }
][
 {
  "type": "bid",
  "price": 215.118861,
  "amount": 22.35250513,
  "time": "23:16:7"
 }
][
 {
  "type": "ask",
  "price": 215.118861,
  "amount": 22.41646898,
  "time": "23:16:42"
 }
][
 {
  "type": "ask",
  "price": 215.118861,
  "amount": 4.90520144,
  "time": "23:17:48"
 }
][
 {
  "type": "bid",
  "price": 215,
  "amount": 4.85167141,
  "time": "23:18:37"
 },
 {
  "type": "bid",
  "price": 215,
  "amount": 4.85166597,
  "time": "23:18:35"
 }
][
 {
  "type": "bid",
  "price": 215,
  "amount": 4.85167685,
  "time": "23:18:38"
 }
][
 {
  "type": "bid",
  "price": 215,
  "amount": 4.85168774,
  "time": "23:18:41"
 },
 {
  "type": "bid",
  "price": 215,
  "amount": 4.85168229,
  "time": "23:18:39"
 }
][
 {
  "type": "bid",
  "price": 215,
  "amount": 4.85169318,
  "time": "23:18:42"
 }
][
 {
  "type": "bid",
  "price": 215,
  "amount": 4.85170406,
  "time": "23:18:45"
 },
 {
  "type": "bid",
  "price": 215,
  "amount": 4.85169862,
  "time": "23:18:44"
 }
][
 {
  "type": "bid",
  "price": 215,
  "amount": 4.40172428,
  "time": "23:18:47"
 },
 {
  "type": "bid",
  "price": 214.95,
  "amount": 0.45,
  "time": "23:18:47"
 }
][
 {
  "type": "bid",
  "price": 215,
  "amount": 4.85172994,
  "time": "23:18:48"
 }
][
 {
  "type": "bid",
  "price": 215,
  "amount": 4.85175965,
  "time": "23:18:51"
 },
 {
  "type": "bid",
  "price": 215,
  "amount": 4.85173538,
  "time": "23:18:49"
 }
][
 {
  "type": "bid",
  "price": 215,
  "amount": 4.85174617,
  "time": "23:18:52"
 }
][
 {
  "type": "bid",
  "price": 215,
  "amount": 4.85175705,
  "time": "23:18:55"
 },
 {
  "type": "bid",
  "price": 215,
  "amount": 4.85175161,
  "time": "23:18:54"
 }
][
 {
  "type": "bid",
  "price": 215,
  "amount": 4.8517625,
  "time": "23:18:57"
 }
][
 {
  "type": "bid",
  "price": 215,
  "amount": 4.85176794,
  "time": "23:18:58"
 }
][
 {
  "type": "bid",
  "price": 215,
  "amount": 4.85177338,
  "time": "23:19:0"
 }
][
 {
  "type": "bid",
  "price": 215,
  "amount": 4.85178427,
  "time": "23:19:3"
 },
 {
  "type": "bid",
  "price": 215,
  "amount": 4.85177883,
  "time": "23:19:2"
 },
 {
  "type": "ask",
  "price": 214.703521,
  "amount": 19.94337083,
  "time": "23:19:1"
 }
][
 {
  "type": "bid",
  "price": 215,
  "amount": 4.41544888,
  "time": "23:19:5"
 }
][
 {
  "type": "bid",
  "price": 215.093862,
  "amount": 27.85040307,
  "time": "23:19:7"
 }
][
 {
  "type": "bid",
  "price": 215,
  "amount": 0.66300518,
  "time": "23:19:39"
 }
][
 {
  "type": "ask",
  "price": 214.407043,
  "amount": 1.19017224,
  "time": "23:20:31"
 }
][
 {
  "type": "bid",
  "price": 215,
  "amount": 0.0197,
  "time": "23:20:39"
 }
][
 {
  "type": "ask",
  "price": 214.4795,
  "amount": 12.84833371,
  "time": "23:22:54"
 }
][
 {
  "type": "bid",
  "price": 215,
  "amount": 0.26487422,
  "time": "23:23:9"
 }
][
 {
  "type": "bid",
  "price": 215,
  "amount": 0.25171675,
  "time": "23:23:22"
 },
 {
  "type": "bid",
  "price": 215,
  "amount": 0.0524206,
  "time": "23:23:22"
 }
][
 {
  "type": "bid",
  "price": 215,
  "amount": 0.40866592,
  "time": "23:23:25"
 }
][
 {
  "type": "ask",
  "price": 214.4795,
  "amount": 18.37177405,
  "time": "23:23:35"
 }
][
 {
  "type": "bid",
  "price": 214.4795,
  "amount": 15.71367006,
  "time": "23:24:44"
 }
][
 {
  "type": "ask",
  "price": 213.956955,
  "amount": 0.24974073,
  "time": "23:26:0"
 },
 {
  "type": "ask",
  "price": 213.956955,
  "amount": 0.01763834,
  "time": "23:26:0"
 },
 {
  "type": "ask",
  "price": 213.959,
  "amount": 0.03,
  "time": "23:26:0"
 },
 {
  "type": "ask",
  "price": 214,
  "amount": 0.235,
  "time": "23:26:0"
 }
][
 {
  "type": "bid",
  "price": 214.478476,
  "amount": 18.25086524,
  "time": "23:27:2"
 }
][
 {
  "type": "bid",
  "price": 214.478474,
  "amount": 23.25674539,
  "time": "23:27:58"
 }
][
 {
  "type": "ask",
  "price": 213.956955,
  "amount": 0.16645883,
  "time": "23:28:3"
 }
][
 {
  "type": "ask",
  "price": 213.688453,
  "amount": 0.41619956,
  "time": "23:29:43"
 },
 {
  "type": "ask",
  "price": 213.956955,
  "amount": 0.58380044,
  "time": "23:29:43"
 }
][
 {
  "type": "ask",
  "price": 213.688453,
  "amount": 0.01371154,
  "time": "23:29:57"
 }
][
 {
  "type": "ask",
  "price": 213.659236,
  "amount": 9e-8,
  "time": "23:30:2"
 },
 {
  "type": "ask",
  "price": 213.659236,
  "amount": 1.1920709,
  "time": "23:30:1"
 },
 {
  "type": "ask",
  "price": 213.688453,
  "amount": 0.1891991,
  "time": "23:30:1"
 }
][
 {
  "type": "bid",
  "price": 213.507645,
  "amount": 0.013822,
  "time": "23:30:4"
 },
 {
  "type": "ask",
  "price": 213.507645,
  "amount": 0.0119,
  "time": "23:30:4"
 }
][
 {
  "type": "ask",
  "price": 213.6021,
  "amount": 0.3061293,
  "time": "23:30:8"
 }
][
 {
  "type": "bid",
  "price": 213.8664,
  "amount": 10.93033276,
  "time": "23:30:28"
 }
][
 {
  "type": "bid",
  "price": 213.8664,
  "amount": 20.90481002,
  "time": "23:30:37"
 }
][
 {
  "type": "bid",
  "price": 213.8664,
  "amount": 28.38606669,
  "time": "23:30:56"
 }
][
 {
  "type": "ask",
  "price": 212.491,
  "amount": 0.5,
  "time": "23:31:14"
 },
 {
  "type": "ask",
  "price": 212.68534,
  "amount": 0.13843586,
  "time": "23:31:14"
 },
 {
  "type": "ask",
  "price": 212.8,
  "amount": 0.4,
  "time": "23:31:14"
 },
 {
  "type": "ask",
  "price": 212.914037,
  "amount": 1.19425909,
  "time": "23:31:13"
 },
 {
  "type": "ask",
  "price": 213.112051,
  "amount": 0.2939269,
  "time": "23:31:13"
 }
][
 {
  "type": "ask",
  "price": 212.813965,
  "amount": 0.1744494,
  "time": "23:31:21"
 }
][
 {
  "type": "bid",
  "price": 213.872202,
  "amount": 0.09060432,
  "time": "23:31:27"
 }
][
 {
  "type": "ask",
  "price": 213.098962,
  "amount": 20.26103258,
  "time": "23:31:36"
 }
][
 {
  "type": "ask",
  "price": 212.325724,
  "amount": 0.1741696,
  "time": "23:32:17"
 },
 {
  "type": "bid",
  "price": 213.098962,
  "amount": 17.71252057,
  "time": "23:32:17"
 }
][
 {
  "type": "bid",
  "price": 213.600611,
  "amount": 0.013084,
  "time": "23:32:21"
 }
][
 {
  "type": "bid",
  "price": 212.171437,
  "amount": 0.1741696,
  "time": "23:32:26"
 },
 {
  "type": "ask",
  "price": 212.171437,
  "amount": 1.19790907,
  "time": "23:32:26"
 },
 {
  "type": "ask",
  "price": 212.2191,
  "amount": 0.05083762,
  "time": "23:32:26"
 },
 {
  "type": "ask",
  "price": 212.909855,
  "amount": 21.222138,
  "time": "23:32:23"
 }
][
 {
  "type": "ask",
  "price": 212.171437,
  "amount": 0.1741696,
  "time": "23:32:32"
 },
 {
  "type": "ask",
  "price": 213.099,
  "amount": 0.4858304,
  "time": "23:32:32"
 }
][
 {
  "type": "bid",
  "price": 212.171437,
  "amount": 0.58874669,
  "time": "23:32:33"
 }
][
 {
  "type": "ask",
  "price": 212.171437,
  "amount": 0.35970475,
  "time": "23:32:41"
 }
][
 {
  "type": "ask",
  "price": 212,
  "amount": 0.183099,
  "time": "23:32:53"
 },
 {
  "type": "ask",
  "price": 212,
  "amount": 0.11,
  "time": "23:32:53"
 }
][
 {
  "type": "ask",
  "price": 211.986453,
  "amount": 0.11150607,
  "time": "23:33:8"
 }
][
 {
  "type": "bid",
  "price": 211.649999,
  "amount": 0.11150607,
  "time": "23:33:13"
 },
 {
  "type": "ask",
  "price": 211.649999,
  "amount": 5.15807533,
  "time": "23:33:12"
 },
 {
  "type": "ask",
  "price": 211.968,
  "amount": 0.08121827,
  "time": "23:33:12"
 },
 {
  "type": "ask",
  "price": 211.986453,
  "amount": 0.02875793,
  "time": "23:33:12"
 }
][
 {
  "type": "ask",
  "price": 212.111714,
  "amount": 29.25552643,
  "time": "23:33:18"
 }
][
 {
  "type": "ask",
  "price": 211.389999,
  "amount": 0.22142616,
  "time": "23:33:28"
 },
 {
  "type": "ask",
  "price": 211.431427,
  "amount": 1.20161063,
  "time": "23:33:28"
 }
][
 {
  "type": "ask",
  "price": 211.88646,
  "amount": 15.69561034,
  "time": "23:33:42"
 }
][
 {
  "type": "bid",
  "price": 212.382921,
  "amount": 0.10086562,
  "time": "23:33:42"
 }
][
 {
  "type": "ask",
  "price": 211.389999,
  "amount": 1.58506095,
  "time": "23:33:46"
 }
][
 {
  "type": "bid",
  "price": 212.382921,
  "amount": 1.09258498,
  "time": "23:33:59"
 },
 {
  "type": "ask",
  "price": 211.389999,
  "amount": 2.48946122,
  "time": "23:33:58"
 },
 {
  "type": "ask",
  "price": 211.39,
  "amount": 0.09733367,
  "time": "23:33:58"
 },
 {
  "type": "ask",
  "price": 211.39,
  "amount": 0.77113753,
  "time": "23:33:58"
 }
][
 {
  "type": "bid",
  "price": 212.792001,
  "amount": 0.20024411,
  "time": "23:34:4"
 }
][
 {
  "type": "bid",
  "price": 212.792001,
  "amount": 0.050156,
  "time": "23:35:3"
 }
][
 {
  "type": "ask",
  "price": 212.111714,
  "amount": 17.63762716,
  "time": "23:35:20"
 }
][
 {
  "type": "bid",
  "price": 212.1117,
  "amount": 0.0131288,
  "time": "23:36:38"
 },
 {
  "type": "bid",
  "price": 212.1117,
  "amount": 0.4958512,
  "time": "23:36:36"
 }
][
 {
  "type": "ask",
  "price": 212.1257,
  "amount": 19.32609086,
  "time": "23:37:41"
 }
][
 {
  "type": "ask",
  "price": 212.1257,
  "amount": 27.43074731,
  "time": "23:37:50"
 }
][
 {
  "type": "bid",
  "price": 212.69,
  "amount": 0.012,
  "time": "23:38:6"
 }
][
 {
  "type": "bid",
  "price": 212.69,
  "amount": 0.42,
  "time": "23:38:33"
 }
][
 {
  "type": "bid",
  "price": 212.69,
  "amount": 0.50806857,
  "time": "23:39:19"
 }
][
 {
  "type": "bid",
  "price": 212.69,
  "amount": 2.81119585,
  "time": "23:40:5"
 }
][
 {
  "type": "ask",
  "price": 212.2,
  "amount": 3.2,
  "time": "23:40:41"
 },
 {
  "type": "ask",
  "price": 212.2,
  "amount": 0.24,
  "time": "23:40:41"
 }
][
 {
  "type": "bid",
  "price": 212.78,
  "amount": 0.01,
  "time": "23:41:43"
 }
][
 {
  "type": "ask",
  "price": 212.171,
  "amount": 26.994045,
  "time": "23:41:47"
 }
][
 {
  "type": "bid",
  "price": 212.78,
  "amount": 0.1,
  "time": "23:41:51"
 }
][
 {
  "type": "ask",
  "price": 211.562,
  "amount": 1.60717113,
  "time": "23:41:56"
 }
][
 {
  "type": "ask",
  "price": 211.431427,
  "amount": 0.02845598,
  "time": "23:41:59"
 }
][
 {
  "type": "ask",
  "price": 211.431427,
  "amount": 0.02845598,
  "time": "23:42:4"
 },
 {
  "type": "ask",
  "price": 211.431427,
  "amount": 1.17251364,
  "time": "23:42:4"
 }
][
 {
  "type": "ask",
  "price": 211.139999,
  "amount": 5.1215288,
  "time": "23:42:24"
 },
 {
  "type": "ask",
  "price": 211.389999,
  "amount": 0.8684712,
  "time": "23:42:24"
 }
][
 {
  "type": "bid",
  "price": 212,
  "amount": 2,
  "time": "23:42:28"
 }
][
 {
  "type": "ask",
  "price": 210.693998,
  "amount": 0.04345243,
  "time": "23:42:46"
 },
 {
  "type": "ask",
  "price": 211,
  "amount": 0.4739607,
  "time": "23:42:46"
 },
 {
  "type": "ask",
  "price": 211,
  "amount": 1,
  "time": "23:42:46"
 },
 {
  "type": "ask",
  "price": 211,
  "amount": 2.32346431,
  "time": "23:42:46"
 },
 {
  "type": "ask",
  "price": 211,
  "amount": 0.0396,
  "time": "23:42:46"
 },
 {
  "type": "ask",
  "price": 211.01,
  "amount": 1,
  "time": "23:42:46"
 },
 {
  "type": "ask",
  "price": 211.058751,
  "amount": 0.11952256,
  "time": "23:42:46"
 }
][
 {
  "type": "bid",
  "price": 212.299999,
  "amount": 0.013827,
  "time": "23:42:47"
 }
][
 {
  "type": "ask",
  "price": 210.56,
  "amount": 4.21719755,
  "time": "23:42:56"
 },
 {
  "type": "ask",
  "price": 210.679935,
  "amount": 0.1340175,
  "time": "23:42:56"
 },
 {
  "type": "ask",
  "price": 210.693998,
  "amount": 1.16288095,
  "time": "23:42:56"
 }
][
 {
  "type": "bid",
  "price": 211.642172,
  "amount": 0.29221549,
  "time": "23:43:0"
 }
][
 {
  "type": "bid",
  "price": 211.642172,
  "amount": 1.21510452,
  "time": "23:43:7"
 }
][
 {
  "type": "ask",
  "price": 210.500002,
  "amount": 4.3e-7,
  "time": "23:43:10"
 },
 {
  "type": "ask",
  "price": 210.500002,
  "amount": 1.280912,
  "time": "23:43:10"
 },
 {
  "type": "bid",
  "price": 211.642171,
  "amount": 1.27835061,
  "time": "23:43:9"
 },
 {
  "type": "ask",
  "price": 210,
  "amount": 1.43108694,
  "time": "23:43:8"
 },
 {
  "type": "ask",
  "price": 210,
  "amount": 1,
  "time": "23:43:8"
 },
 {
  "type": "ask",
  "price": 210,
  "amount": 0.5,
  "time": "23:43:8"
 },
 {
  "type": "ask",
  "price": 210,
  "amount": 0.17,
  "time": "23:43:8"
 },
 {
  "type": "ask",
  "price": 210,
  "amount": 0.15,
  "time": "23:43:8"
 },
 {
  "type": "ask",
  "price": 210,
  "amount": 1,
  "time": "23:43:8"
 },
 {
  "type": "ask",
  "price": 210,
  "amount": 0.1004,
  "time": "23:43:8"
 }
][
 {
  "type": "ask",
  "price": 210.147002,
  "amount": 1.2415368,
  "time": "23:43:11"
 }
][
 {
  "type": "bid",
  "price": 211.642173,
  "amount": 0.74548968,
  "time": "23:43:16"
 }
][
 {
  "type": "bid",
  "price": 211.642173,
  "amount": 0.74548968,
  "time": "23:43:17"
 },
 {
  "type": "bid",
  "price": 211.642173,
  "amount": 0.4512464,
  "time": "23:43:17"
 }
][
 {
  "type": "bid",
  "price": 211.642173,
  "amount": 0.24681173,
  "time": "23:43:19"
 }
][
 {
  "type": "ask",
  "price": 211.642172,
  "amount": 0.13499236,
  "time": "23:43:21"
 }
][
 {
  "type": "ask",
  "price": 210,
  "amount": 0.93823815,
  "time": "23:43:24"
 },
 {
  "type": "ask",
  "price": 210,
  "amount": 0.56891306,
  "time": "23:43:24"
 },
 {
  "type": "ask",
  "price": 210.000001,
  "amount": 0.27150544,
  "time": "23:43:24"
 },
 {
  "type": "ask",
  "price": 210.147002,
  "amount": 0.11134335,
  "time": "23:43:24"
 }
][
 {
  "type": "ask",
  "price": 210,
  "amount": 1.37042253,
  "time": "23:43:27"
 }
][
 {
  "type": "ask",
  "price": 210,
  "amount": 0.9546,
  "time": "23:43:36"
 },
 {
  "type": "bid",
  "price": 211.642173,
  "amount": 0.39623865,
  "time": "23:43:36"
 }
][
 {
  "type": "ask",
  "price": 210,
  "amount": 2.40888269,
  "time": "23:43:54"
 },
 {
  "type": "ask",
  "price": 210,
  "amount": 8.27647102,
  "time": "23:43:54"
 },
 {
  "type": "ask",
  "price": 210.693998,
  "amount": 1.20466474,
  "time": "23:43:54"
 }
][
 {
  "type": "ask",
  "price": 210,
  "amount": 0.73443913,
  "time": "23:44:10"
 },
 {
  "type": "ask",
  "price": 210,
  "amount": 0.5,
  "time": "23:44:10"
 },
 {
  "type": "ask",
  "price": 210,
  "amount": 1,
  "time": "23:44:10"
 },
 {
  "type": "ask",
  "price": 210,
  "amount": 0.02,
  "time": "23:44:10"
 },
 {
  "type": "ask",
  "price": 210,
  "amount": 2.59111731,
  "time": "23:44:10"
 }
][
 {
  "type": "ask",
  "price": 210,
  "amount": 0.18956465,
  "time": "23:44:14"
 }
][
 {
  "type": "ask",
  "price": 210,
  "amount": 0.07599622,
  "time": "23:44:15"
 }
][
 {
  "type": "bid",
  "price": 210,
  "amount": 4.92400378,
  "time": "23:44:17"
 }
][
 {
  "type": "bid",
  "price": 211.642172,
  "amount": 0.01,
  "time": "23:44:41"
 }
][
 {
  "type": "bid",
  "price": 211.642172,
  "amount": 0.021357,
  "time": "23:45:3"
 }
][
 {
  "type": "bid",
  "price": 210.999999,
  "amount": 0.01,
  "time": "23:45:17"
 },
 {
  "type": "ask",
  "price": 209.959141,
  "amount": 1.22158905,
  "time": "23:45:17"
 },
 {
  "type": "ask",
  "price": 209.97642,
  "amount": 0.20444534,
  "time": "23:45:17"
 },
 {
  "type": "ask",
  "price": 209.998,
  "amount": 0.01003,
  "time": "23:45:17"
 },
 {
  "type": "ask",
  "price": 209.9981,
  "amount": 0.55840744,
  "time": "23:45:17"
 }
][
 {
  "type": "bid",
  "price": 210.904008,
  "amount": 1.1998689,
  "time": "23:45:40"
 },
 {
  "type": "ask",
  "price": 210.1,
  "amount": 0.52932178,
  "time": "23:45:39"
 }
][
 {
  "type": "bid",
  "price": 210.799999,
  "amount": 1.58553602,
  "time": "23:46:31"
 }
][
 {
  "type": "bid",
  "price": 210.799999,
  "amount": 0.26,
  "time": "23:46:34"
 }
][
 {
  "type": "ask",
  "price": 210.11,
  "amount": 1,
  "time": "23:46:53"
 }
][
 {
  "type": "ask",
  "price": 209.21,
  "amount": 2.66745031,
  "time": "23:47:8"
 },
 {
  "type": "ask",
  "price": 209.226847,
  "amount": 1.22544101,
  "time": "23:47:8"
 },
 {
  "type": "ask",
  "price": 209.23,
  "amount": 0.64870984,
  "time": "23:47:8"
 },
 {
  "type": "ask",
  "price": 209.611304,
  "amount": 0.07367378,
  "time": "23:47:8"
 },
 {
  "type": "ask",
  "price": 209.631776,
  "amount": 0.1,
  "time": "23:47:8"
 },
 {
  "type": "ask",
  "price": 209.7004,
  "amount": 0.011,
  "time": "23:47:8"
 },
 {
  "type": "ask",
  "price": 209.858066,
  "amount": 0.11803,
  "time": "23:47:8"
 },
 {
  "type": "ask",
  "price": 209.8701,
  "amount": 0.012391,
  "time": "23:47:8"
 },
 {
  "type": "ask",
  "price": 209.954373,
  "amount": 0.023916,
  "time": "23:47:8"
 },
 {
  "type": "ask",
  "price": 210.1,
  "amount": 0.11938806,
  "time": "23:47:8"
 }
][
 {
  "type": "bid",
  "price": 210.679935,
  "amount": 0.012074,
  "time": "23:47:11"
 }
][
 {
  "type": "ask",
  "price": 209.19,
  "amount": 2.44921675,
  "time": "23:47:26"
 },
 {
  "type": "ask",
  "price": 209.21,
  "amount": 2.55078325,
  "time": "23:47:26"
 }
][
 {
  "type": "ask",
  "price": 209.23,
  "amount": 0.014447,
  "time": "23:48:11"
 }
][
 {
  "type": "ask",
  "price": 209.615,
  "amount": 23.5501087,
  "time": "23:48:39"
 }
][
 {
  "type": "ask",
  "price": 209,
  "amount": 1.86782562,
  "time": "23:48:43"
 },
 {
  "type": "ask",
  "price": 209,
  "amount": 0.502,
  "time": "23:48:43"
 },
 {
  "type": "ask",
  "price": 209,
  "amount": 4.22663673,
  "time": "23:48:43"
 },
 {
  "type": "ask",
  "price": 209,
  "amount": 0.14,
  "time": "23:48:43"
 },
 {
  "type": "ask",
  "price": 209.01,
  "amount": 1,
  "time": "23:48:43"
 },
 {
  "type": "ask",
  "price": 209.02,
  "amount": 1,
  "time": "23:48:43"
 },
 {
  "type": "ask",
  "price": 209.19,
  "amount": 2.76951571,
  "time": "23:48:43"
 },
 {
  "type": "ask",
  "price": 209.23,
  "amount": 0.63426284,
  "time": "23:48:43"
 }
][
 {
  "type": "bid",
  "price": 209.23,
  "amount": 0.96335949,
  "time": "23:48:46"
 }
][
 {
  "type": "bid",
  "price": 209.8,
  "amount": 5.95143976,
  "time": "23:49:9"
 },
 {
  "type": "bid",
  "price": 209.23,
  "amount": 5.57267579,
  "time": "23:49:9"
 }
][
 {
  "type": "ask",
  "price": 209,
  "amount": 13.66182751,
  "time": "23:49:22"
 },
 {
  "type": "ask",
  "price": 209,
  "amount": 12.22465592,
  "time": "23:49:22"
 }
][
 {
  "type": "bid",
  "price": 209,
  "amount": 3.58746977,
  "time": "23:49:33"
 }
][
 {
  "type": "bid",
  "price": 209,
  "amount": 0.43101235,
  "time": "23:49:50"
 }
][
 {
  "type": "bid",
  "price": 209,
  "amount": 0.7889303,
  "time": "23:49:53"
 }
][
 {
  "type": "bid",
  "price": 209,
  "amount": 0.60117111,
  "time": "23:50:0"
 }
][
 {
  "type": "bid",
  "price": 209,
  "amount": 0.67025162,
  "time": "23:50:4"
 },
 {
  "type": "bid",
  "price": 209,
  "amount": 0.03534,
  "time": "23:50:4"
 }
][
 {
  "type": "bid",
  "price": 209,
  "amount": 0.3,
  "time": "23:50:12"
 }
][
 {
  "type": "ask",
  "price": 208.79,
  "amount": 1.9217399,
  "time": "23:50:16"
 },
 {
  "type": "ask",
  "price": 208.803367,
  "amount": 0.2158736,
  "time": "23:50:16"
 },
 {
  "type": "ask",
  "price": 208.933709,
  "amount": 0.16621899,
  "time": "23:50:16"
 },
 {
  "type": "ask",
  "price": 208.94482,
  "amount": 0.2,
  "time": "23:50:16"
 },
 {
  "type": "ask",
  "price": 208.988,
  "amount": 0.01116751,
  "time": "23:50:16"
 }
][
 {
  "type": "bid",
  "price": 209,
  "amount": 8.68734142,
  "time": "23:50:18"
 },
 {
  "type": "bid",
  "price": 209,
  "amount": 0.012,
  "time": "23:50:17"
 }
][
 {
  "type": "bid",
  "price": 209,
  "amount": 0.44447585,
  "time": "23:51:31"
 },
 {
  "type": "bid",
  "price": 209,
  "amount": 1.37422562,
  "time": "23:51:30"
 }
][
 {
  "type": "bid",
  "price": 209,
  "amount": 0.55380374,
  "time": "23:51:33"
 }
][
 {
  "type": "bid",
  "price": 209,
  "amount": 0.4740269,
  "time": "23:51:35"
 }
][
 {
  "type": "bid",
  "price": 209,
  "amount": 2.07491403,
  "time": "23:51:40"
 }
][
 {
  "type": "bid",
  "price": 209,
  "amount": 0.50336428,
  "time": "23:51:45"
 }
][
 {
  "type": "bid",
  "price": 209,
  "amount": 2.59931685,
  "time": "23:51:46"
 }
][
 {
  "type": "bid",
  "price": 209,
  "amount": 0.5931872,
  "time": "23:51:47"
 }
][
 {
  "type": "bid",
  "price": 209,
  "amount": 11.46060153,
  "time": "23:51:50"
 }
][
 {
  "type": "bid",
  "price": 210,
  "amount": 5.59577021,
  "time": "23:51:58"
 }
][
 {
  "type": "ask",
  "price": 208.823,
  "amount": 0.01996,
  "time": "23:52:27"
 }
][
 {
  "type": "ask",
  "price": 208.833001,
  "amount": 0.1382255,
  "time": "23:53:13"
 }
][
 {
  "type": "bid",
  "price": 210,
  "amount": 0.1,
  "time": "23:53:32"
 }
][
 {
  "type": "bid",
  "price": 210.16842,
  "amount": 0.16,
  "time": "23:53:43"
 }
][
 {
  "type": "bid",
  "price": 210.16842,
  "amount": 1,
  "time": "23:53:50"
 }
][
 {
  "type": "ask",
  "price": 209.58471,
  "amount": 13.01558383,
  "time": "23:54:29"
 }
][
 {
  "type": "bid",
  "price": 210.16842,
  "amount": 0.04131727,
  "time": "23:54:46"
 }
][
 {
  "type": "bid",
  "price": 210.27615,
  "amount": 0.04821503,
  "time": "23:55:27"
 }
][
 {
  "type": "ask",
  "price": 210.3,
  "amount": 0.03428178,
  "time": "23:55:29"
 },
 {
  "type": "ask",
  "price": 210.319935,
  "amount": 0.971,
  "time": "23:55:29"
 }
][
 {
  "type": "bid",
  "price": 210,
  "amount": 1.98871824,
  "time": "23:55:37"
 }
][
 {
  "type": "ask",
  "price": 210,
  "amount": 0.2495,
  "time": "23:55:38"
 }
][
 {
  "type": "ask",
  "price": 210,
  "amount": 27.76178176,
  "time": "23:55:41"
 }
][
 {
  "type": "ask",
  "price": 210,
  "amount": 0.5,
  "time": "23:56:34"
 },
 {
  "type": "bid",
  "price": 210.249,
  "amount": 3.49571364,
  "time": "23:56:33"
 }
][
 {
  "type": "bid",
  "price": 210,
  "amount": 0.01,
  "time": "23:56:46"
 },
 {
  "type": "ask",
  "price": 210,
  "amount": 4.1635269,
  "time": "23:56:45"
 }
][
 {
  "type": "ask",
  "price": 210,
  "amount": 1,
  "time": "23:57:3"
 }
][
 {
  "type": "ask",
  "price": 209.226847,
  "amount": 1.20737492,
  "time": "23:57:11"
 }
][
 {
  "type": "ask",
  "price": 208.833,
  "amount": 2,
  "time": "23:57:28"
 },
 {
  "type": "ask",
  "price": 208.8823,
  "amount": 0.64870984,
  "time": "23:57:28"
 }
][
 {
  "type": "ask",
  "price": 208.79,
  "amount": 3.30699061,
  "time": "23:58:3"
 },
 {
  "type": "ask",
  "price": 208.800001,
  "amount": 2,
  "time": "23:58:3"
 },
 {
  "type": "ask",
  "price": 208.823,
  "amount": 0.62874984,
  "time": "23:58:3"
 }
][
 {
  "type": "ask",
  "price": 208.623864,
  "amount": 0.1665114,
  "time": "23:58:28"
 },
 {
  "type": "ask",
  "price": 208.79,
  "amount": 0.12169732,
  "time": "23:58:28"
 }
][
 {
  "type": "ask",
  "price": 208.439603,
  "amount": 0.85938786,
  "time": "23:58:32"
 },
 {
  "type": "ask",
  "price": 208.44,
  "amount": 0.25,
  "time": "23:58:32"
 },
 {
  "type": "ask",
  "price": 208.497107,
  "amount": 1.22926094,
  "time": "23:58:32"
 },
 {
  "type": "ask",
  "price": 208.58323,
  "amount": 0.04850914,
  "time": "23:58:32"
 },
 {
  "type": "ask",
  "price": 208.588832,
  "amount": 0.1,
  "time": "23:58:32"
 }
][
 {
  "type": "ask",
  "price": 208.852922,
  "amount": 13.16569319,
  "time": "23:58:37"
 }
][
 {
  "type": "ask",
  "price": 208.25,
  "amount": 0.9,
  "time": "23:58:42"
 },
 {
  "type": "ask",
  "price": 208.270449,
  "amount": 0.06323702,
  "time": "23:58:42"
 }
][
 {
  "type": "ask",
  "price": 208,
  "amount": 0.1,
  "time": "23:58:53"
 },
 {
  "type": "ask",
  "price": 208,
  "amount": 1,
  "time": "23:58:53"
 },
 {
  "type": "ask",
  "price": 208,
  "amount": 1.14986429,
  "time": "23:58:53"
 },
 {
  "type": "ask",
  "price": 208,
  "amount": 0.14,
  "time": "23:58:53"
 },
 {
  "type": "ask",
  "price": 208.01,
  "amount": 1,
  "time": "23:58:53"
 },
 {
  "type": "ask",
  "price": 208.135,
  "amount": 0.01157895,
  "time": "23:58:53"
 },
 {
  "type": "ask",
  "price": 208.216,
  "amount": 0.01111111,
  "time": "23:58:53"
 }
][
 {
  "type": "bid",
  "price": 208.216,
  "amount": 0.20052532,
  "time": "23:58:56"
 }
][
 {
  "type": "ask",
  "price": 206.4574,
  "amount": 85.80816505,
  "time": "23:59:1"
 },
 {
  "type": "ask",
  "price": 206.5,
  "amount": 0.4,
  "time": "23:59:1"
 },
 {
  "type": "ask",
  "price": 206.5,
  "amount": 0.6950036,
  "time": "23:59:1"
 },
 {
  "type": "ask",
  "price": 206.518783,
  "amount": 0.16632361,
  "time": "23:59:1"
 },
 {
  "type": "ask",
  "price": 206.528783,
  "amount": 0.157798,
  "time": "23:59:1"
 },
 {
  "type": "ask",
  "price": 206.64962,
  "amount": 6.134526,
  "time": "23:59:1"
 },
 {
  "type": "ask",
  "price": 207,
  "amount": 85.52040801,
  "time": "23:59:1"
 },
 {
  "type": "ask",
  "price": 207,
  "amount": 25.06474523,
  "time": "23:59:1"
 },
 {
  "type": "ask",
  "price": 207,
  "amount": 2,
  "time": "23:59:1"
 },
 {
  "type": "ask",
  "price": 207,
  "amount": 0.5,
  "time": "23:59:1"
 }
][
 {
  "type": "ask",
  "price": 206.518485,
  "amount": 0.27885617,
  "time": "23:59:25"
 },
 {
  "type": "ask",
  "price": 206.518485,
  "amount": 1.092621,
  "time": "23:59:25"
 }
][
 {
  "type": "bid",
  "price": 208,
  "amount": 0.015129,
  "time": "23:59:30"
 }
][
 {
  "type": "ask",
  "price": 206.518485,
  "amount": 1.38183963,
  "time": "23:59:35"
 }
][
 {
  "type": "bid",
  "price": 207.977009,
  "amount": 0.1,
  "time": "23:59:49"
 }
][
 {
  "type": "bid",
  "price": 207.977009,
  "amount": 1.11051499,
  "time": "23:59:55"
 }
][
 {
  "type": "bid",
  "price": 208,
  "amount": 0.53818421,
  "time": "23:59:58"
 },
 {
  "type": "bid",
  "price": 207.9,
  "amount": 1.60395679,
  "time": "23:59:58"
 }
][
 {
  "type": "bid",
  "price": 208,
  "amount": 1.5259862,
  "time": "0:0:3"
 },
 {
  "type": "bid",
  "price": 207.8,
  "amount": 0.07797059,
  "time": "0:0:3"
 }
][
 {
  "type": "bid",
  "price": 208,
  "amount": 0.026668,
  "time": "0:0:4"
 }
][
 {
  "type": "bid",
  "price": 208,
  "amount": 0.05130259,
  "time": "0:0:7"
 }
][
 {
  "type": "bid",
  "price": 208.588832,
  "amount": 0.7652002,
  "time": "0:0:30"
 }
][
 {
  "type": "ask",
  "price": 207.055256,
  "amount": 29.1347998,
  "time": "0:0:37"
 },
 {
  "type": "ask",
  "price": 207.551076,
  "amount": 0.1,
  "time": "0:0:37"
 },
 {
  "type": "ask",
  "price": 208.588832,
  "amount": 0.7652002,
  "time": "0:0:37"
 },
 {
  "type": "bid",
  "price": 208.694928,
  "amount": 0.157482,
  "time": "0:0:36"
 }
][
 {
  "type": "bid",
  "price": 208.588832,
  "amount": 0.057682,
  "time": "0:0:44"
 },
 {
  "type": "bid",
  "price": 208.5,
  "amount": 0.0998,
  "time": "0:0:44"
 }
][
 {
  "type": "bid",
  "price": 208.588832,
  "amount": 0.6811172,
  "time": "0:0:49"
 }
][
 {
  "type": "bid",
  "price": 208.704929,
  "amount": 1.20836042,
  "time": "0:0:53"
 }
][
 {
  "type": "bid",
  "price": 208.55,
  "amount": 1,
  "time": "0:1:21"
 }
][
 {
  "type": "bid",
  "price": 208.65,
  "amount": 0.84167368,
  "time": "0:1:25"
 }
][
 {
  "type": "bid",
  "price": 209.435396,
  "amount": 0.1879512,
  "time": "0:1:41"
 },
 {
  "type": "bid",
  "price": 209.25708,
  "amount": 0.04823474,
  "time": "0:1:41"
 },
 {
  "type": "bid",
  "price": 209.04,
  "amount": 0.11928351,
  "time": "0:1:41"
 }
][
 {
  "type": "ask",
  "price": 209.067698,
  "amount": 25.59324311,
  "time": "0:2:17"
 }
][
 {
  "type": "ask",
  "price": 208.72,
  "amount": 1.84430534,
  "time": "0:2:41"
 }
][
 {
  "type": "ask",
  "price": 208.7,
  "amount": 1,
  "time": "0:2:43"
 }
][
 {
  "type": "ask",
  "price": 208.66,
  "amount": 1,
  "time": "0:2:45"
 }
][
 {
  "type": "bid",
  "price": 208.7,
  "amount": 2.84430534,
  "time": "0:2:47"
 },
 {
  "type": "ask",
  "price": 208.65,
  "amount": 1,
  "time": "0:2:47"
 }
][
 {
  "type": "ask",
  "price": 208.992698,
  "amount": 5.58620403,
  "time": "0:3:42"
 }
][
 {
  "type": "bid",
  "price": 209.435396,
  "amount": 0.96327296,
  "time": "0:4:25"
 }
][
 {
  "type": "ask",
  "price": 208.571,
  "amount": 0.010483,
  "time": "0:5:2"
 }
][
 {
  "type": "bid",
  "price": 209.435396,
  "amount": 2.25490078,
  "time": "0:6:0"
 },
 {
  "type": "bid",
  "price": 209.435396,
  "amount": 0.05618391,
  "time": "0:6:0"
 }
][
 {
  "type": "bid",
  "price": 209.435396,
  "amount": 1.90029907,
  "time": "0:6:27"
 }
][
 {
  "type": "bid",
  "price": 209.631776,
  "amount": 0.05,
  "time": "0:6:41"
 }
][
 {
  "type": "ask",
  "price": 209.533586,
  "amount": 21.6493685,
  "time": "0:7:3"
 }
][
 {
  "type": "bid",
  "price": 209.533586,
  "amount": 0.34170321,
  "time": "0:7:4"
 }
][
 {
  "type": "bid",
  "price": 209.631776,
  "amount": 0.115,
  "time": "0:7:19"
 }
][
 {
  "type": "bid",
  "price": 209.553,
  "amount": 0.205431,
  "time": "0:7:37"
 }
][
 {
  "type": "bid",
  "price": 209.631776,
  "amount": 0.546883,
  "time": "0:7:41"
 }
][
 {
  "type": "ask",
  "price": 210,
  "amount": 0.457568,
  "time": "0:7:44"
 },
 {
  "type": "ask",
  "price": 210,
  "amount": 1.2067736,
  "time": "0:7:43"
 }
][
 {
  "type": "ask",
  "price": 210,
  "amount": 0.08360757,
  "time": "0:7:46"
 },
 {
  "type": "ask",
  "price": 210,
  "amount": 0.8969978,
  "time": "0:7:46"
 }
][
 {
  "type": "ask",
  "price": 210,
  "amount": 0.33762565,
  "time": "0:7:50"
 },
 {
  "type": "ask",
  "price": 210,
  "amount": 0.33411848,
  "time": "0:7:49"
 }
][
 {
  "type": "ask",
  "price": 210.026035,
  "amount": 13.87047252,
  "time": "0:7:52"
 }
][
 {
  "type": "ask",
  "price": 210,
  "amount": 0.1907254,
  "time": "0:7:53"
 }
][
 {
  "type": "ask",
  "price": 210,
  "amount": 0.17681037,
  "time": "0:7:54"
 }
][
 {
  "type": "ask",
  "price": 210.026035,
  "amount": 20.24078745,
  "time": "0:7:59"
 }
][
 {
  "type": "bid",
  "price": 210.05207,
  "amount": 0.4347022,
  "time": "0:8:7"
 }
][
 {
  "type": "bid",
  "price": 210.16842,
  "amount": 1.20593679,
  "time": "0:8:37"
 }
][
 {
  "type": "bid",
  "price": 210.19867,
  "amount": 0.1996,
  "time": "0:9:14"
 }
][
 {
  "type": "ask",
  "price": 210,
  "amount": 0.15582226,
  "time": "0:9:19"
 },
 {
  "type": "ask",
  "price": 210.001,
  "amount": 0.07699909,
  "time": "0:9:19"
 }
][
 {
  "type": "ask",
  "price": 210,
  "amount": 2,
  "time": "0:9:34"
 }
][
 {
  "type": "bid",
  "price": 210.367192,
  "amount": 0.14751125,
  "time": "0:9:53"
 },
 {
  "type": "bid",
  "price": 210.29816,
  "amount": 0.04134406,
  "time": "0:9:53"
 }
][
 {
  "type": "ask",
  "price": 210,
  "amount": 0.025533,
  "time": "0:10:3"
 }
][
 {
  "type": "ask",
  "price": 210.183596,
  "amount": 9.44977902,
  "time": "0:10:15"
 }
][
 {
  "type": "ask",
  "price": 210,
  "amount": 1,
  "time": "0:10:36"
 },
 {
  "type": "ask",
  "price": 210,
  "amount": 53.58753487,
  "time": "0:10:36"
 }
][
 {
  "type": "bid",
  "price": 210.899999,
  "amount": 0.81019474,
  "time": "0:10:48"
 },
 {
  "type": "bid",
  "price": 210.367192,
  "amount": 0.16921095,
  "time": "0:10:48"
 }
][
 {
  "type": "bid",
  "price": 210.745813,
  "amount": 5.99917346,
  "time": "0:11:49"
 },
 {
  "type": "bid",
  "price": 210.745813,
  "amount": 0.2339034,
  "time": "0:11:49"
 }
][
 {
  "type": "ask",
  "price": 210.799998,
  "amount": 0.22007412,
  "time": "0:11:50"
 },
 {
  "type": "ask",
  "price": 210.799998,
  "amount": 2.36623775,
  "time": "0:11:49"
 },
 {
  "type": "bid",
  "price": 210.745813,
  "amount": 1,
  "time": "0:11:49"
 }
][
 {
  "type": "ask",
  "price": 210.799998,
  "amount": 0.22205111,
  "time": "0:11:51"
 }
][
 {
  "type": "ask",
  "price": 210.799998,
  "amount": 0.06675799,
  "time": "0:12:20"
 }
][
 {
  "type": "ask",
  "price": 210.8,
  "amount": 0.022,
  "time": "0:14:21"
 }
][
 {
  "type": "bid",
  "price": 210.9,
  "amount": 0.05,
  "time": "0:15:14"
 }
][
 {
  "type": "ask",
  "price": 209.726253,
  "amount": 0.0998,
  "time": "0:15:44"
 }
][
 {
  "type": "ask",
  "price": 210.212327,
  "amount": 0.18,
  "time": "0:15:46"
 }
][
 {
  "type": "ask",
  "price": 210.212327,
  "amount": 1.5233626,
  "time": "0:15:48"
 },
 {
  "type": "bid",
  "price": 210.904009,
  "amount": 1.1998689,
  "time": "0:15:48"
 },
 {
  "type": "bid",
  "price": 210.9,
  "amount": 0.948,
  "time": "0:15:48"
 }
][
 {
  "type": "bid",
  "price": 211.272543,
  "amount": 0.1922113,
  "time": "0:16:11"
 }
][
 {
  "type": "ask",
  "price": 211.272543,
  "amount": 0.18225202,
  "time": "0:16:13"
 }
][
 {
  "type": "ask",
  "price": 211.272543,
  "amount": 0.24118661,
  "time": "0:16:14"
 }
][
 {
  "type": "bid",
  "price": 210.801921,
  "amount": 9.45589191,
  "time": "0:16:51"
 }
][
 {
  "type": "ask",
  "price": 210.5,
  "amount": 0.55812758,
  "time": "0:17:22"
 }
][
 {
  "type": "ask",
  "price": 210.855,
  "amount": 0.64532405,
  "time": "0:18:42"
 }
][
 {
  "type": "ask",
  "price": 210.855,
  "amount": 1.20247234,
  "time": "0:18:50"
 }
][
 {
  "type": "bid",
  "price": 211.2,
  "amount": 0.2395,
  "time": "0:18:53"
 },
 {
  "type": "ask",
  "price": 210.855,
  "amount": 1.18601292,
  "time": "0:18:51"
 }
][
 {
  "type": "ask",
  "price": 211.2,
  "amount": 0.45750571,
  "time": "0:18:54"
 }
][
 {
  "type": "ask",
  "price": 211.2,
  "amount": 0.5058908,
  "time": "0:18:57"
 },
 {
  "type": "ask",
  "price": 211.2,
  "amount": 0.08778794,
  "time": "0:18:57"
 }
][
 {
  "type": "bid",
  "price": 211.2,
  "amount": 0.08778794,
  "time": "0:19:1"
 }
][
 {
  "type": "ask",
  "price": 211.21,
  "amount": 0.6087953,
  "time": "0:19:3"
 }
][
 {
  "type": "ask",
  "price": 211.21,
  "amount": 1.20194667,
  "time": "0:19:5"
 }
][
 {
  "type": "ask",
  "price": 210.91,
  "amount": 0.1086321,
  "time": "0:19:11"
 },
 {
  "type": "ask",
  "price": 211.21,
  "amount": 0.10147009,
  "time": "0:19:11"
 }
][
 {
  "type": "ask",
  "price": 210.91,
  "amount": 0.23457691,
  "time": "0:19:16"
 }
][
 {
  "type": "ask",
  "price": 211.001921,
  "amount": 24.75704476,
  "time": "0:19:20"
 }
][
 {
  "type": "ask",
  "price": 210.5,
  "amount": 1.06274086,
  "time": "0:19:23"
 }
][
 {
  "type": "ask",
  "price": 211.2,
  "amount": 0.2395,
  "time": "0:19:27"
 }
][
 {
  "type": "bid",
  "price": 211.503842,
  "amount": 0.014978,
  "time": "0:19:54"
 }
][
 {
  "type": "ask",
  "price": 212,
  "amount": 0.13221763,
  "time": "0:20:6"
 },
 {
  "type": "ask",
  "price": 212,
  "amount": 0.72454808,
  "time": "0:20:5"
 },
 {
  "type": "ask",
  "price": 212,
  "amount": 0.85662891,
  "time": "0:20:5"
 },
 {
  "type": "ask",
  "price": 212,
  "amount": 0.72738916,
  "time": "0:20:5"
 },
 {
  "type": "bid",
  "price": 211.642173,
  "amount": 1.1975539,
  "time": "0:20:4"
 },
 {
  "type": "bid",
  "price": 211.5873,
  "amount": 0.010978,
  "time": "0:20:4"
 },
 {
  "type": "bid",
  "price": 211.547399,
  "amount": 0.1519102,
  "time": "0:20:4"
 },
 {
  "type": "ask",
  "price": 210.5,
  "amount": 0.011126,
  "time": "0:20:2"
 }
][
 {
  "type": "ask",
  "price": 212,
  "amount": 0.651222,
  "time": "0:20:10"
 },
 {
  "type": "ask",
  "price": 212,
  "amount": 0.72454808,
  "time": "0:20:7"
 },
 {
  "type": "ask",
  "price": 212,
  "amount": 0.43264725,
  "time": "0:20:7"
 }
][
 {
  "type": "ask",
  "price": 212,
  "amount": 1.19688155,
  "time": "0:20:13"
 },
 {
  "type": "ask",
  "price": 212,
  "amount": 0.10109552,
  "time": "0:20:13"
 },
 {
  "type": "ask",
  "price": 212,
  "amount": 2.34298778,
  "time": "0:20:12"
 },
 {
  "type": "ask",
  "price": 212,
  "amount": 0.43264668,
  "time": "0:20:12"
 }
][
 {
  "type": "ask",
  "price": 212,
  "amount": 4.91726298,
  "time": "0:20:15"
 }
][
 {
  "type": "ask",
  "price": 212,
  "amount": 0.40444902,
  "time": "0:20:18"
 },
 {
  "type": "ask",
  "price": 212,
  "amount": 4.9172712,
  "time": "0:20:16"
 }
][
 {
  "type": "ask",
  "price": 211.547399,
  "amount": 0.04133925,
  "time": "0:20:19"
 },
 {
  "type": "ask",
  "price": 212,
  "amount": 0.07776206,
  "time": "0:20:19"
 }
][
 {
  "type": "ask",
  "price": 211.547399,
  "amount": 0.1519102,
  "time": "0:20:20"
 },
 {
  "type": "ask",
  "price": 211.547399,
  "amount": 0.11057095,
  "time": "0:20:20"
 }
][
 {
  "type": "ask",
  "price": 210.76756,
  "amount": 0.540997,
  "time": "0:20:36"
 }
][
 {
  "type": "ask",
  "price": 210.724417,
  "amount": 0.5294442,
  "time": "0:20:45"
 }
][
 {
  "type": "ask",
  "price": 211.5,
  "amount": 0.17775789,
  "time": "0:21:13"
 },
 {
  "type": "ask",
  "price": 211.5,
  "amount": 0.61270933,
  "time": "0:21:11"
 }
][
 {
  "type": "ask",
  "price": 210.693998,
  "amount": 1.20053661,
  "time": "0:21:15"
 },
 {
  "type": "bid",
  "price": 212.129998,
  "amount": 0.27242089,
  "time": "0:21:13"
 },
 {
  "type": "bid",
  "price": 212.129997,
  "amount": 0.61063896,
  "time": "0:21:13"
 },
 {
  "type": "bid",
  "price": 211.905357,
  "amount": 0.1500468,
  "time": "0:21:13"
 }
][
 {
  "type": "ask",
  "price": 210.745583,
  "amount": 0.509081,
  "time": "0:21:21"
 }
][
 {
  "type": "bid",
  "price": 211.071086,
  "amount": 16.39480612,
  "time": "0:21:37"
 }
][
 {
  "type": "ask",
  "price": 210.75,
  "amount": 7.46326201,
  "time": "0:21:47"
 }
][
 {
  "type": "bid",
  "price": 211,
  "amount": 1,
  "time": "0:21:50"
 }
][
 {
  "type": "ask",
  "price": 210.75,
  "amount": 2.4,
  "time": "0:22:31"
 }
][
 {
  "type": "ask",
  "price": 210.55,
  "amount": 0.02193046,
  "time": "0:22:48"
 }
][
 {
  "type": "ask",
  "price": 211,
  "amount": 27.1835,
  "time": "0:24:36"
 },
 {
  "type": "ask",
  "price": 211,
  "amount": 4.585205,
  "time": "0:24:36"
 },
 {
  "type": "ask",
  "price": 211,
  "amount": 0.57683,
  "time": "0:24:36"
 }
][
 {
  "type": "ask",
  "price": 210.55,
  "amount": 0.54854941,
  "time": "0:24:59"
 },
 {
  "type": "ask",
  "price": 211,
  "amount": 3.3e-7,
  "time": "0:24:59"
 }
][
 {
  "type": "ask",
  "price": 210.5,
  "amount": 0.015,
  "time": "0:25:13"
 },
 {
  "type": "ask",
  "price": 210.5,
  "amount": 1,
  "time": "0:25:13"
 }
][
 {
  "type": "ask",
  "price": 210.38788,
  "amount": 0.1370271,
  "time": "0:25:14"
 }
][
 {
  "type": "ask",
  "price": 210.38788,
  "amount": 0.3458376,
  "time": "0:25:21"
 }
][
 {
  "type": "ask",
  "price": 210.2,
  "amount": 0.9487383,
  "time": "0:25:32"
 }
][
 {
  "type": "ask",
  "price": 210.2,
  "amount": 1,
  "time": "0:25:39"
 }
][
 {
  "type": "bid",
  "price": 210.599999,
  "amount": 2.96243598,
  "time": "0:25:49"
 }
][
 {
  "type": "ask",
  "price": 210.2,
  "amount": 2,
  "time": "0:26:0"
 }
][
 {
  "type": "bid",
  "price": 210.599999,
  "amount": 25.12700621,
  "time": "0:26:26"
 }
][
 {
  "type": "bid",
  "price": 210.605,
  "amount": 16.6420705,
  "time": "0:27:49"
 }
][
 {
  "type": "bid",
  "price": 210.605,
  "amount": 13.68501558,
  "time": "0:28:4"
 }
][
 {
  "type": "bid",
  "price": 210.605,
  "amount": 12.32430015,
  "time": "0:28:35"
 }
][
 {
  "type": "bid",
  "price": 210.904463,
  "amount": 9.07800269,
  "time": "0:29:30"
 }
][
 {
  "type": "bid",
  "price": 210.904463,
  "amount": 13.6499173,
  "time": "0:30:23"
 }
][
 {
  "type": "ask",
  "price": 210.2,
  "amount": 0.3,
  "time": "0:30:57"
 }
][
 {
  "type": "ask",
  "price": 209.959141,
  "amount": 1.2042017,
  "time": "0:31:54"
 },
 {
  "type": "ask",
  "price": 209.967984,
  "amount": 0.4470583,
  "time": "0:31:54"
 },
 {
  "type": "ask",
  "price": 210.120001,
  "amount": 0.145696,
  "time": "0:31:54"
 },
 {
  "type": "ask",
  "price": 210.2,
  "amount": 25.10324165,
  "time": "0:31:52"
 },
 {
  "type": "ask",
  "price": 210.3,
  "amount": 0.05997715,
  "time": "0:31:52"
 }
][
 {
  "type": "ask",
  "price": 209.24,
  "amount": 0.10877406,
  "time": "0:32:21"
 },
 {
  "type": "ask",
  "price": 209.569801,
  "amount": 0.4212256,
  "time": "0:32:21"
 },
 {
  "type": "ask",
  "price": 209.959141,
  "amount": 3.4e-7,
  "time": "0:32:21"
 }
][
 {
  "type": "bid",
  "price": 210,
  "amount": 0.19669004,
  "time": "0:32:37"
 }
][
 {
  "type": "bid",
  "price": 210,
  "amount": 0.42805534,
  "time": "0:32:40"
 },
 {
  "type": "bid",
  "price": 210,
  "amount": 0.09129568,
  "time": "0:32:39"
 }
][
 {
  "type": "bid",
  "price": 210,
  "amount": 0.38765705,
  "time": "0:32:45"
 }
][
 {
  "type": "bid",
  "price": 209.62,
  "amount": 19.33039953,
  "time": "0:32:53"
 }
][
 {
  "type": "ask",
  "price": 209.62,
  "amount": 10.43840122,
  "time": "0:34:21"
 }
][
 {
  "type": "bid",
  "price": 210,
  "amount": 0.89630189,
  "time": "0:34:34"
 }
][
 {
  "type": "bid",
  "price": 209.24,
  "amount": 3.44423,
  "time": "0:34:57"
 },
 {
  "type": "ask",
  "price": 209.24,
  "amount": 0.89122594,
  "time": "0:34:56"
 },
 {
  "type": "ask",
  "price": 210,
  "amount": 0.10369811,
  "time": "0:34:56"
 }
][
 {
  "type": "ask",
  "price": 210.018529,
  "amount": 20.84401832,
  "time": "0:35:29"
 }
][
 {
  "type": "bid",
  "price": 211.397444,
  "amount": 0.46392297,
  "time": "0:37:2"
 },
 {
  "type": "bid",
  "price": 210.904009,
  "amount": 1.20371723,
  "time": "0:37:2"
 },
 {
  "type": "bid",
  "price": 210.807058,
  "amount": 0.3323598,
  "time": "0:37:2"
 }
][
 {
  "type": "ask",
  "price": 209.959141,
  "amount": 0.3092,
  "time": "0:37:8"
 }
][
 {
  "type": "ask",
  "price": 209.959141,
  "amount": 0.89,
  "time": "0:37:54"
 }
][
 {
  "type": "ask",
  "price": 209.548927,
  "amount": 0.04775684,
  "time": "0:38:32"
 },
 {
  "type": "ask",
  "price": 209.548927,
  "amount": 0.3363853,
  "time": "0:38:32"
 },
 {
  "type": "ask",
  "price": 209.959141,
  "amount": 0.00685786,
  "time": "0:38:32"
 }
][
 {
  "type": "ask",
  "price": 210.178034,
  "amount": 21.64175042,
  "time": "0:38:56"
 }
][
 {
  "type": "bid",
  "price": 210.807141,
  "amount": 0.3889353,
  "time": "0:39:25"
 }
][
 {
  "type": "bid",
  "price": 210.904009,
  "amount": 1.20520377,
  "time": "0:39:36"
 }
][
 {
  "type": "bid",
  "price": 212.382921,
  "amount": 1.09610096,
  "time": "0:39:45"
 },
 {
  "type": "bid",
  "price": 212.38032,
  "amount": 0.04823474,
  "time": "0:39:45"
 },
 {
  "type": "bid",
  "price": 212.135,
  "amount": 0.0111451,
  "time": "0:39:45"
 },
 {
  "type": "bid",
  "price": 212.13,
  "amount": 0.15607006,
  "time": "0:39:45"
 },
 {
  "type": "bid",
  "price": 212.029907,
  "amount": 0.155867,
  "time": "0:39:45"
 },
 {
  "type": "bid",
  "price": 211.642173,
  "amount": 1.20215334,
  "time": "0:39:45"
 },
 {
  "type": "bid",
  "price": 211.312971,
  "amount": 0.3304288,
  "time": "0:39:45"
 }
][
 {
  "type": "ask",
  "price": 211.225364,
  "amount": 3.51194586,
  "time": "0:39:54"
 }
][
 {
  "type": "bid",
  "price": 210.694,
  "amount": 0.010038,
  "time": "0:40:7"
 }
][
 {
  "type": "ask",
  "price": 212,
  "amount": 1.08736331,
  "time": "0:40:13"
 },
 {
  "type": "ask",
  "price": 212,
  "amount": 0.05468866,
  "time": "0:40:12"
 },
 {
  "type": "bid",
  "price": 211.756729,
  "amount": 0.2889549,
  "time": "0:40:11"
 }
][
 {
  "type": "ask",
  "price": 212,
  "amount": 0.36866035,
  "time": "0:40:14"
 }
][
 {
  "type": "ask",
  "price": 212,
  "amount": 0.08360757,
  "time": "0:40:15"
 }
][
 {
  "type": "ask",
  "price": 212,
  "amount": 0.18547527,
  "time": "0:40:20"
 },
 {
  "type": "ask",
  "price": 212,
  "amount": 0.93124994,
  "time": "0:40:20"
 }
][
 {
  "type": "ask",
  "price": 210.714002,
  "amount": 0.156526,
  "time": "0:40:23"
 }
][
 {
  "type": "ask",
  "price": 210.704003,
  "amount": 0.7736376,
  "time": "0:40:25"
 }
][
 {
  "type": "ask",
  "price": 212,
  "amount": 1.20195614,
  "time": "0:40:40"
 }
][
 {
  "type": "ask",
  "price": 212,
  "amount": 1.20118465,
  "time": "0:40:48"
 }
][
 {
  "type": "ask",
  "price": 212,
  "amount": 0.6043269,
  "time": "0:40:55"
 },
 {
  "type": "ask",
  "price": 212,
  "amount": 0.59685921,
  "time": "0:40:55"
 }
][
 {
  "type": "ask",
  "price": 212,
  "amount": 1.20182459,
  "time": "0:41:3"
 }
][
 {
  "type": "bid",
  "price": 212.074509,
  "amount": 0.1747029,
  "time": "0:41:9"
 }
][
 {
  "type": "ask",
  "price": 212.074509,
  "amount": 1.20031816,
  "time": "0:41:12"
 }
][
 {
  "type": "ask",
  "price": 212.074509,
  "amount": 0.70379387,
  "time": "0:41:18"
 }
][
 {
  "type": "ask",
  "price": 212,
  "amount": 0.25442775,
  "time": "0:41:19"
 }
][
 {
  "type": "bid",
  "price": 212.382921,
  "amount": 0.998,
  "time": "0:42:58"
 },
 {
  "type": "bid",
  "price": 212.382921,
  "amount": 0.09922446,
  "time": "0:42:58"
 }
][
 {
  "type": "ask",
  "price": 212.382921,
  "amount": 0.96997018,
  "time": "0:43:0"
 }
][
 {
  "type": "ask",
  "price": 212.382921,
  "amount": 0.3739527,
  "time": "0:43:4"
 },
 {
  "type": "bid",
  "price": 212.413873,
  "amount": 0.1260664,
  "time": "0:43:3"
 },
 {
  "type": "ask",
  "price": 212.382921,
  "amount": 1.20322267,
  "time": "0:43:2"
 }
][
 {
  "type": "ask",
  "price": 212.382921,
  "amount": 0.41627299,
  "time": "0:43:7"
 },
 {
  "type": "ask",
  "price": 212.382921,
  "amount": 0.299357,
  "time": "0:43:6"
 }
][
 {
  "type": "ask",
  "price": 212,
  "amount": 0.02,
  "time": "0:43:8"
 },
 {
  "type": "ask",
  "price": 212.382921,
  "amount": 0.1,
  "time": "0:43:8"
 }
][
 {
  "type": "bid",
  "price": 212.207515,
  "amount": 13.47157046,
  "time": "0:43:26"
 }
][
 {
  "type": "ask",
  "price": 211.642172,
  "amount": 0.65838989,
  "time": "0:43:35"
 }
][
 {
  "type": "bid",
  "price": 212.212515,
  "amount": 12.96396898,
  "time": "0:43:38"
 }
][
 {
  "type": "bid",
  "price": 212.772858,
  "amount": 0.1,
  "time": "0:44:2"
 }
][
 {
  "type": "bid",
  "price": 213.126261,
  "amount": 1.19214214,
  "time": "0:44:58"
 },
 {
  "type": "bid",
  "price": 213,
  "amount": 1,
  "time": "0:44:58"
 },
 {
  "type": "bid",
  "price": 212.966,
  "amount": 0.0110889,
  "time": "0:44:58"
 },
 {
  "type": "bid",
  "price": 212.817419,
  "amount": 0.1,
  "time": "0:44:58"
 },
 {
  "type": "bid",
  "price": 212.786739,
  "amount": 0.023869,
  "time": "0:44:58"
 },
 {
  "type": "bid",
  "price": 212.772858,
  "amount": 0.02524769,
  "time": "0:44:58"
 }
][
 {
  "type": "ask",
  "price": 212.772858,
  "amount": 0.021664,
  "time": "0:45:3"
 }
][
 {
  "type": "ask",
  "price": 212.772858,
  "amount": 0.24170429,
  "time": "0:45:4"
 }
][
 {
  "type": "ask",
  "price": 212.700718,
  "amount": 30.67907124,
  "time": "0:45:12"
 }
][
 {
  "type": "bid",
  "price": 213.336949,
  "amount": 0.0000128,
  "time": "0:45:32"
 },
 {
  "type": "bid",
  "price": 213.336949,
  "amount": 0.1561992,
  "time": "0:45:31"
 },
 {
  "type": "bid",
  "price": 213.23,
  "amount": 0.0998,
  "time": "0:45:31"
 }
][
 {
  "type": "ask",
  "price": 213.109425,
  "amount": 9.06411064,
  "time": "0:45:45"
 }
][
 {
  "type": "bid",
  "price": 213.779999,
  "amount": 1.19703754,
  "time": "0:45:53"
 },
 {
  "type": "bid",
  "price": 213.65,
  "amount": 0.25,
  "time": "0:45:53"
 }
][
 {
  "type": "ask",
  "price": 212.600003,
  "amount": 0.99296381,
  "time": "0:45:55"
 }
][
 {
  "type": "ask",
  "price": 212.606,
  "amount": 0.01505,
  "time": "0:46:23"
 }
][
 {
  "type": "bid",
  "price": 213.872203,
  "amount": 1.18989844,
  "time": "0:46:26"
 },
 {
  "type": "bid",
  "price": 213.78,
  "amount": 0.2,
  "time": "0:46:26"
 }
][
 {
  "type": "ask",
  "price": 212.914038,
  "amount": 0.1667501,
  "time": "0:46:29"
 }
][
 {
  "type": "bid",
  "price": 212.914038,
  "amount": 0.01321756,
  "time": "0:46:31"
 },
 {
  "type": "ask",
  "price": 212.914037,
  "amount": 0.31385916,
  "time": "0:46:30"
 }
][
 {
  "type": "ask",
  "price": 212.914037,
  "amount": 0.13188833,
  "time": "0:46:33"
 },
 {
  "type": "ask",
  "price": 212.914037,
  "amount": 0.25273435,
  "time": "0:46:32"
 }
][
 {
  "type": "ask",
  "price": 212.914037,
  "amount": 0.49677252,
  "time": "0:46:35"
 }
][
 {
  "type": "ask",
  "price": 212.610006,
  "amount": 0.33464856,
  "time": "0:46:40"
 }
][
 {
  "type": "ask",
  "price": 212.914038,
  "amount": 0.42923634,
  "time": "0:46:53"
 }
][
 {
  "type": "bid",
  "price": 214.5086,
  "amount": 28.99756263,
  "time": "0:47:29"
 },
 {
  "type": "bid",
  "price": 214.5,
  "amount": 7.17257396,
  "time": "0:47:29"
 },
 {
  "type": "bid",
  "price": 214.46248,
  "amount": 0.05512541,
  "time": "0:47:29"
 },
 {
  "type": "bid",
  "price": 214.4,
  "amount": 9.550038,
  "time": "0:47:29"
 },
 {
  "type": "bid",
  "price": 214.4,
  "amount": 19.743238,
  "time": "0:47:28"
 },
 {
  "type": "bid",
  "price": 214.260329,
  "amount": 0.011953,
  "time": "0:47:28"
 },
 {
  "type": "bid",
  "price": 214.137192,
  "amount": 0.1,
  "time": "0:47:28"
 },
 {
  "type": "bid",
  "price": 214,
  "amount": 5,
  "time": "0:47:28"
 },
 {
  "type": "bid",
  "price": 213.999,
  "amount": 0.998,
  "time": "0:47:28"
 },
 {
  "type": "bid",
  "price": 213.872203,
  "amount": 1.19769057,
  "time": "0:47:28"
 }
][
 {
  "type": "bid",
  "price": 214,
  "amount": 0.08778794,
  "time": "0:47:32"
 }
][
 {
  "type": "ask",
  "price": 213.872203,
  "amount": 1.19805059,
  "time": "0:47:40"
 }
][
 {
  "type": "bid",
  "price": 214,
  "amount": 2.03314287,
  "time": "0:47:42"
 },
 {
  "type": "ask",
  "price": 213.872203,
  "amount": 0.14162651,
  "time": "0:47:41"
 }
][
 {
  "type": "bid",
  "price": 214,
  "amount": 2.03811858,
  "time": "0:47:43"
 },
 {
  "type": "ask",
  "price": 213.872203,
  "amount": 0.27024045,
  "time": "0:47:42"
 }
][
 {
  "type": "ask",
  "price": 213.872203,
  "amount": 0.19798105,
  "time": "0:47:46"
 },
 {
  "type": "bid",
  "price": 214,
  "amount": 1.400001,
  "time": "0:47:44"
 },
 {
  "type": "bid",
  "price": 214,
  "amount": 2.05276501,
  "time": "0:47:44"
 },
 {
  "type": "ask",
  "price": 213.872203,
  "amount": 0.31514129,
  "time": "0:47:44"
 }
][
 {
  "type": "bid",
  "price": 214,
  "amount": 2.12052481,
  "time": "0:47:47"
 },
 {
  "type": "bid",
  "price": 214,
  "amount": 3.43756182,
  "time": "0:47:46"
 }
][
 {
  "type": "bid",
  "price": 214,
  "amount": 2.84471948,
  "time": "0:47:48"
 }
][
 {
  "type": "bid",
  "price": 214,
  "amount": 3.08861736,
  "time": "0:47:50"
 }
][
 {
  "type": "bid",
  "price": 214,
  "amount": 1.68898862,
  "time": "0:47:52"
 }
][
 {
  "type": "ask",
  "price": 214,
  "amount": 0.13994645,
  "time": "0:47:56"
 }
][
 {
  "type": "bid",
  "price": 214,
  "amount": 0.46491945,
  "time": "0:47:59"
 }
][
 {
  "type": "bid",
  "price": 214.5,
  "amount": 0.932,
  "time": "0:48:9"
 }
][
 {
  "type": "bid",
  "price": 214.620756,
  "amount": 0.021282,
  "time": "0:48:12"
 },
 {
  "type": "bid",
  "price": 214.5,
  "amount": 0.066,
  "time": "0:48:10"
 }
][
 {
  "type": "bid",
  "price": 215,
  "amount": 2.396318,
  "time": "0:48:17"
 },
 {
  "type": "bid",
  "price": 214.620756,
  "amount": 1.16809898,
  "time": "0:48:17"
 }
][
 {
  "type": "ask",
  "price": 214.505001,
  "amount": 5.49704126,
  "time": "0:48:23"
 }
][
 {
  "type": "bid",
  "price": 215,
  "amount": 3.70561959,
  "time": "0:48:27"
 },
 {
  "type": "bid",
  "price": 215,
  "amount": 1,
  "time": "0:48:27"
 },
 {
  "type": "bid",
  "price": 215,
  "amount": 2.603682,
  "time": "0:48:27"
 },
 {
  "type": "bid",
  "price": 214.505001,
  "amount": 1.29438041,
  "time": "0:48:27"
 }
][
 {
  "type": "ask",
  "price": 214.505001,
  "amount": 18.69321905,
  "time": "0:48:30"
 }
][
 {
  "type": "bid",
  "price": 216,
  "amount": 0.29986847,
  "time": "0:48:35"
 },
 {
  "type": "bid",
  "price": 215.780151,
  "amount": 0.013689,
  "time": "0:48:35"
 },
 {
  "type": "bid",
  "price": 215.371928,
  "amount": 1.21100622,
  "time": "0:48:35"
 },
 {
  "type": "bid",
  "price": 215.354,
  "amount": 0.0810559,
  "time": "0:48:35"
 },
 {
  "type": "bid",
  "price": 215.207878,
  "amount": 0.1,
  "time": "0:48:35"
 },
 {
  "type": "bid",
  "price": 215,
  "amount": 1.29438041,
  "time": "0:48:35"
 }
][
 {
  "type": "ask",
  "price": 214.407043,
  "amount": 0.16494,
  "time": "0:48:42"
 },
 {
  "type": "ask",
  "price": 214.407043,
  "amount": 0.42025696,
  "time": "0:48:40"
 }
][
 {
  "type": "ask",
  "price": 214.407043,
  "amount": 0.1619858,
  "time": "0:48:43"
 }
][
 {
  "type": "ask",
  "price": 214.407043,
  "amount": 0.44157017,
  "time": "0:48:45"
 }
][
 {
  "type": "bid",
  "price": 216,
  "amount": 0.81670335,
  "time": "0:48:49"
 },
 {
  "type": "bid",
  "price": 215.999999,
  "amount": 2.28455989,
  "time": "0:48:49"
 },
 {
  "type": "bid",
  "price": 215.371928,
  "amount": 1.191313,
  "time": "0:48:49"
 }
][
 {
  "type": "bid",
  "price": 216,
  "amount": 0.56007912,
  "time": "0:49:28"
 },
 {
  "type": "bid",
  "price": 215.999999,
  "amount": 0.02296139,
  "time": "0:49:28"
 }
][
 {
  "type": "ask",
  "price": 216.211789,
  "amount": 0.79192823,
  "time": "0:49:30"
 },
 {
  "type": "ask",
  "price": 216.211789,
  "amount": 4.86968025,
  "time": "0:49:30"
 },
 {
  "type": "bid",
  "price": 216.211789,
  "amount": 1.29888603,
  "time": "0:49:29"
 },
 {
  "type": "bid",
  "price": 216.12573,
  "amount": 1.21051186,
  "time": "0:49:29"
 },
 {
  "type": "bid",
  "price": 216.125729,
  "amount": 0.46441648,
  "time": "0:49:29"
 },
 {
  "type": "bid",
  "price": 216,
  "amount": 3.32334906,
  "time": "0:49:29"
 }
][
 {
  "type": "ask",
  "price": 216.211789,
  "amount": 4.86973328,
  "time": "0:49:32"
 },
 {
  "type": "ask",
  "price": 216.211789,
  "amount": 0.98292637,
  "time": "0:49:32"
 },
 {
  "type": "ask",
  "price": 216.211789,
  "amount": 0.98270465,
  "time": "0:49:32"
 },
 {
  "type": "ask",
  "price": 216.211789,
  "amount": 2.78199153,
  "time": "0:49:31"
 },
 {
  "type": "ask",
  "price": 216.211789,
  "amount": 4.87061911,
  "time": "0:49:31"
 }
][
 {
  "type": "ask",
  "price": 216.211789,
  "amount": 1.19229979,
  "time": "0:49:34"
 }
][
 {
  "type": "ask",
  "price": 216.211789,
  "amount": 0.09196832,
  "time": "0:49:36"
 },
 {
  "type": "ask",
  "price": 216.211789,
  "amount": 0.88910007,
  "time": "0:49:35"
 }
][
 {
  "type": "ask",
  "price": 216.211789,
  "amount": 0.68884205,
  "time": "0:49:38"
 },
 {
  "type": "ask",
  "price": 216.211789,
  "amount": 0.94889489,
  "time": "0:49:37"
 }
][
 {
  "type": "ask",
  "price": 215.157468,
  "amount": 0.18994883,
  "time": "0:49:46"
 },
 {
  "type": "ask",
  "price": 215.157468,
  "amount": 0.26680921,
  "time": "0:49:45"
 }
][
 {
  "type": "ask",
  "price": 215.157468,
  "amount": 0.50735755,
  "time": "0:49:48"
 }
][
 {
  "type": "ask",
  "price": 215.157468,
  "amount": 0.15739315,
  "time": "0:49:49"
 }
][
 {
  "type": "ask",
  "price": 215.157468,
  "amount": 0.06399397,
  "time": "0:50:2"
 }
][
 {
  "type": "bid",
  "price": 215.158,
  "amount": 0.066816,
  "time": "0:50:6"
 }
][
 {
  "type": "bid",
  "price": 216.882169,
  "amount": 6.62287136,
  "time": "0:50:43"
 },
 {
  "type": "bid",
  "price": 216.701811,
  "amount": 2.29161388,
  "time": "0:50:43"
 },
 {
  "type": "bid",
  "price": 216.54464,
  "amount": 0.06201609,
  "time": "0:50:43"
 },
 {
  "type": "bid",
  "price": 216.505715,
  "amount": 0.13151007,
  "time": "0:50:43"
 },
 {
  "type": "bid",
  "price": 216.5,
  "amount": 5,
  "time": "0:50:43"
 },
 {
  "type": "bid",
  "price": 216.46695,
  "amount": 2.345,
  "time": "0:50:43"
 },
 {
  "type": "bid",
  "price": 216.423364,
  "amount": 0.60009152,
  "time": "0:50:43"
 },
 {
  "type": "bid",
  "price": 216.283918,
  "amount": 0.1,
  "time": "0:50:43"
 },
 {
  "type": "bid",
  "price": 216.211792,
  "amount": 0.56167942,
  "time": "0:50:43"
 },
 {
  "type": "bid",
  "price": 216.211789,
  "amount": 0.998,
  "time": "0:50:43"
 }
][
 {
  "type": "ask",
  "price": 216.71,
  "amount": 7.86447194,
  "time": "0:50:44"
 },
 {
  "type": "ask",
  "price": 216.71,
  "amount": 1.02418722,
  "time": "0:50:44"
 },
 {
  "type": "ask",
  "price": 216.71,
  "amount": 1.46976477,
  "time": "0:50:43"
 },
 {
  "type": "ask",
  "price": 216.71,
  "amount": 1.44157607,
  "time": "0:50:43"
 }
][
 {
